Time,Price,BuySell,Volume
09:25:04,14.74,B,100
09:25:04,14.74,S,200
09:25:04,14.74,S,200
09:25:04,14.74,B,800
09:25:04,14.74,S,3100
09:25:04,14.74,B,1300
09:25:04,14.74,B,200
09:25:04,14.74,B,300
09:25:04,14.74,B,1200
09:25:04,14.74,S,300
09:25:04,14.74,S,100
09:25:04,14.74,S,200
09:25:04,14.74,B,500
09:25:04,14.74,B,100
09:25:04,14.74,B,200
09:25:04,14.74,S,100
09:25:04,14.74,S,100
09:25:04,14.74,S,500
09:25:04,14.74,S,1000
09:25:04,14.74,S,5000
09:25:04,14.74,S,100
09:25:04,14.74,S,100
09:25:04,14.74,S,500
09:25:04,14.74,S,100
09:25:04,14.74,S,700
09:25:04,14.74,S,100
09:25:04,14.74,S,300
09:25:04,14.74,S,200
09:25:04,14.74,B,800
09:30:02,14.75,B,100
09:30:02,14.78,B,400
09:30:03,14.78,B,1500
09:30:03,14.74,S,400
09:30:03,14.74,S,100
09:30:03,14.74,B,300
09:30:04,14.74,B,1200
09:30:04,14.74,B,100
09:30:04,14.74,B,300
09:30:04,14.74,B,500
09:30:04,14.77,B,900
09:30:04,14.78,B,1100
09:30:04,14.75,S,300
09:30:04,14.78,B,2000
09:30:04,14.78,B,300
09:30:09,14.79,S,10000
09:30:10,14.79,S,2700
09:30:11,14.79,S,300
09:30:15,14.8,B,200
09:30:15,14.8,B,100
09:30:15,14.8,B,100
09:30:15,14.8,B,100
09:30:24,14.79,S,1600
09:30:25,14.79,S,400
09:30:35,14.8,B,3100
09:30:36,14.8,B,400
09:30:39,14.79,S,100
09:30:48,14.8,B,300
09:30:50,14.8,B,500
09:30:52,14.79,S,900
09:30:56,14.79,S,100
09:30:56,14.8,B,3000
09:30:57,14.8,B,1000
09:30:58,14.79,S,5400
09:31:00,14.8,B,5600
09:31:00,14.8,B,1500
09:31:00,14.8,B,600
09:31:03,14.8,S,2300
09:31:03,14.8,S,700
09:31:03,14.79,S,6200
09:31:03,14.79,B,1500
09:31:09,14.79,B,500
09:31:12,14.79,B,800
09:31:22,14.79,B,600
09:31:22,14.79,B,3400
09:31:23,14.79,B,300
09:31:23,14.79,B,2000
09:31:24,14.79,B,1000
09:31:25,14.78,S,200
09:31:26,14.78,S,800
09:31:26,14.78,S,500
09:31:28,14.76,S,100
09:31:31,14.78,B,3700
09:31:31,14.78,B,100
09:31:31,14.79,B,700
09:31:31,14.79,B,300
09:31:31,14.79,B,200
09:31:38,14.78,B,200
09:31:42,14.78,B,100
09:31:48,14.78,B,200
09:31:48,14.78,B,1700
09:31:48,14.76,S,1900
09:31:51,14.76,S,100
09:31:51,14.78,B,200
09:31:51,14.78,B,100
09:31:51,14.78,B,1400
09:31:52,14.76,S,100
09:31:55,14.77,B,1000
09:31:58,14.76,S,5200
09:31:59,14.75,S,100
09:32:02,14.75,S,100
09:32:06,14.76,B,300
09:32:07,14.76,B,2700
09:32:08,14.76,B,1000
09:32:08,14.76,B,800
09:32:08,14.77,B,300
09:32:08,14.76,S,4200
09:32:10,14.76,B,400
09:32:11,14.75,S,200
09:32:12,14.76,B,200
09:32:14,14.75,S,100
09:32:16,14.74,S,100
09:32:19,14.74,S,600
09:32:19,14.75,B,200
09:32:21,14.75,B,500
09:32:21,14.74,S,500
09:32:21,14.74,S,100
09:32:23,14.75,B,300
09:32:23,14.75,B,400
09:32:23,14.75,B,100
09:32:23,14.76,B,200
09:32:26,14.74,S,200
09:32:26,14.74,S,300
09:32:32,14.75,B,400
09:32:32,14.75,B,1500
09:32:34,14.75,B,100
09:32:34,14.75,B,900
09:32:36,14.75,B,600
09:32:39,14.74,S,600
09:32:43,14.74,S,100
09:32:45,14.75,B,400
09:32:45,14.75,B,600
09:32:56,14.75,B,1000
09:33:04,14.75,B,1000
09:33:05,14.75,B,500
09:33:05,14.75,B,1000
09:33:06,14.75,S,500
09:33:06,14.74,S,4000
09:33:06,14.74,S,5000
09:33:06,14.74,S,200
09:33:13,14.74,B,2700
09:33:17,14.74,B,400
09:33:20,14.72,S,200
09:33:23,14.72,S,400
09:33:25,14.74,B,300
09:33:40,14.72,S,200
09:33:44,14.74,B,1900
09:33:44,14.74,B,600
09:33:44,14.74,B,200
09:33:44,14.74,B,1000
09:33:44,14.74,B,1200
09:33:45,14.74,S,100
09:33:46,14.72,S,300
09:33:46,14.72,S,400
09:33:46,14.72,S,200
09:33:47,14.75,B,300
09:33:47,14.75,B,1400
09:33:47,14.75,B,100
09:33:47,14.75,B,1000
09:33:47,14.76,B,1000
09:33:47,14.76,B,400
09:33:47,14.76,B,700
09:33:52,14.76,S,4400
09:34:04,14.72,S,100
09:34:04,14.72,S,700
09:34:04,14.72,S,300
09:34:04,14.72,S,100
09:34:04,14.72,S,500
09:34:07,14.72,B,2000
09:34:08,14.72,B,1000
09:34:08,14.72,B,1000
09:34:09,14.72,B,1000
09:34:13,14.72,B,900
09:34:13,14.72,B,4300
09:34:13,14.73,B,400
09:34:13,14.74,B,2700
09:34:13,14.74,B,300
09:34:15,14.74,S,200
09:34:15,14.74,S,100
09:34:15,14.74,S,700
09:34:19,14.74,S,100
09:34:20,14.74,S,400
09:34:20,14.74,S,300
09:34:20,14.74,S,900
09:34:21,14.74,S,2000
09:34:26,14.74,S,3800
09:34:26,14.74,S,5000
09:34:26,14.74,S,2000
09:34:27,14.74,B,300
09:34:40,14.72,S,100
09:34:46,14.74,B,100
09:34:49,14.72,S,300
09:34:54,14.74,B,100
09:34:59,14.74,B,1000
09:35:00,14.72,S,300
09:35:00,14.74,B,3000
09:35:06,14.73,S,2000
09:35:06,14.72,S,1500
09:35:06,14.72,S,2000
09:35:07,14.74,B,1000
09:35:07,14.74,B,3400
09:35:07,14.74,B,500
09:35:07,14.74,B,500
09:35:07,14.74,B,200
09:35:07,14.74,B,5000
09:35:07,14.74,B,200
09:35:07,14.74,B,300
09:35:11,14.74,S,2400
09:35:12,14.74,S,1000
09:35:13,14.74,S,300
09:35:16,14.74,S,700
09:35:17,14.74,S,2000
09:35:18,14.74,S,800
09:35:19,14.74,S,100
09:35:22,14.74,S,900
09:35:23,14.74,S,700
09:35:25,14.74,S,100
09:35:26,14.75,B,100
09:35:26,14.75,B,200
09:35:26,14.75,B,300
09:35:29,14.75,S,200
09:35:32,14.75,S,200
09:35:41,14.76,B,100
09:35:41,14.76,B,400
09:35:42,14.75,S,1300
09:35:42,14.75,S,300
09:35:42,14.75,S,8400
09:35:46,14.76,B,300
09:35:46,14.76,S,200
09:35:53,14.76,S,1500
09:35:53,14.76,S,1000
09:35:53,14.76,S,1000
09:35:53,14.75,S,1600
09:35:53,14.75,S,1000
09:35:53,14.75,S,300
09:35:53,14.75,S,5000
09:35:53,14.75,S,3000
09:35:53,14.75,S,1000
09:35:53,14.75,S,500
09:35:53,14.75,S,3000
09:35:53,14.75,S,800
09:35:53,14.75,S,5000
09:35:53,14.75,S,1000
09:35:53,14.74,S,900
09:35:53,14.74,S,8600
09:35:53,14.74,S,3300
09:35:53,14.74,S,500
09:35:53,14.74,S,1200
09:35:53,14.74,S,1000
09:35:53,14.74,B,2000
09:35:54,14.74,B,300
09:35:55,14.74,B,500
09:35:55,14.74,B,200
09:35:55,14.73,S,200
09:35:55,14.73,S,200
09:35:56,14.74,B,600
09:35:58,14.75,S,600
09:36:00,14.76,B,1400
09:36:03,14.76,S,100
09:36:03,14.77,B,100
09:36:08,14.76,S,500
09:36:08,14.75,S,300
09:36:13,14.75,S,100
09:36:16,14.76,B,500
09:36:16,14.75,S,600
09:36:19,14.76,B,500
09:36:20,14.76,B,3000
09:36:29,14.76,B,1500
09:36:29,14.76,B,200
09:36:29,14.76,B,300
09:36:45,14.76,B,700
09:36:45,14.76,B,1100
09:36:45,14.76,B,200
09:36:45,14.76,B,2200
09:36:45,14.76,B,100
09:36:45,14.76,B,600
09:36:58,14.76,S,500
09:37:03,14.76,S,2000
09:37:05,14.76,S,500
09:37:07,14.77,B,1000
09:37:08,14.77,B,500
09:37:11,14.76,S,1700
09:37:12,14.77,B,200
09:37:15,14.76,S,200
09:37:17,14.77,B,200
09:37:21,14.76,S,500
09:37:26,14.77,B,300
09:37:28,14.76,S,900
09:37:29,14.77,B,200
09:37:30,14.76,S,500
09:37:32,14.77,B,46200
09:37:32,14.77,B,100
09:37:32,14.77,B,1700
09:37:32,14.77,B,400
09:37:32,14.77,B,200
09:37:32,14.77,B,1000
09:37:32,14.77,B,82400
09:37:39,14.77,B,500
09:37:40,14.76,S,300
09:37:40,14.76,S,900
09:37:40,14.77,B,1100
09:37:43,14.76,S,100
09:37:44,14.77,B,500
09:37:55,14.77,B,2000
09:37:58,14.76,S,100
09:38:00,14.76,S,400
09:38:00,14.76,S,100
09:38:00,14.76,S,1500
09:38:01,14.76,S,1500
09:38:01,14.76,S,1000
09:38:01,14.76,S,100
09:38:01,14.76,S,3000
09:38:01,14.76,S,300
09:38:01,14.76,S,400
09:38:01,14.76,S,700
09:38:01,14.76,S,300
09:38:01,14.76,S,2000
09:38:01,14.76,S,300
09:38:04,14.75,S,500
09:38:04,14.75,S,200
09:38:05,14.76,B,1000
09:38:27,14.76,B,5000
09:38:30,14.75,S,300
09:38:30,14.75,S,100
09:38:30,14.75,S,1000
09:38:30,14.75,S,2000
09:38:30,14.75,S,500
09:38:30,14.75,S,1100
09:38:32,14.75,S,200
09:38:37,14.76,B,200
09:38:42,14.75,S,2000
09:38:43,14.75,S,100
09:38:46,14.75,S,100
09:38:47,14.76,B,100
09:38:52,14.76,B,800
09:38:53,14.76,B,1000
09:38:56,14.75,S,500
09:38:56,14.75,S,2000
09:38:56,14.75,S,2100
09:38:56,14.75,S,2000
09:38:56,14.75,S,1000
09:38:56,14.75,S,2000
09:38:56,14.75,S,500
09:38:56,14.75,S,1000
09:38:58,14.74,S,400
09:38:59,14.75,B,1000
09:39:00,14.75,B,400
09:39:02,14.75,B,1000
09:39:04,14.75,B,800
09:39:04,14.75,B,100
09:39:05,14.75,B,1000
09:39:06,14.75,B,2000
09:39:13,14.75,B,10000
09:39:20,14.75,B,35437
09:39:20,14.75,B,2100
09:39:20,14.75,B,3290
09:39:22,14.76,B,500
09:39:25,14.76,B,200
09:39:30,14.75,S,500
09:39:32,14.75,S,2000
09:39:34,14.75,S,500
09:39:35,14.76,B,1600
09:39:35,14.76,B,1100
09:39:35,14.76,B,200
09:39:35,14.76,B,700
09:39:35,14.76,B,400
09:39:35,14.76,B,200
09:39:35,14.76,B,900
09:39:35,14.76,B,4900
09:39:36,14.75,S,100
09:39:39,14.75,S,100
09:39:39,14.76,B,200
09:39:40,14.76,B,500
09:39:42,14.75,S,200
09:39:42,14.76,B,100
09:39:43,14.76,B,2000
09:39:45,14.76,B,1000
09:39:45,14.76,B,1300
09:39:45,14.76,B,300
09:39:45,14.76,B,500
09:39:45,14.76,B,200
09:39:45,14.77,B,1600
09:39:45,14.77,B,500
09:39:45,14.77,B,3200
09:39:45,14.77,B,5000
09:39:45,14.77,B,1000
09:39:45,14.77,B,2500
09:39:45,14.77,B,100
09:39:45,14.77,B,2500
09:39:46,14.77,S,100
09:39:46,14.77,S,300
09:40:12,14.78,B,100
09:40:14,14.78,B,100
09:40:14,14.78,B,100
09:40:19,14.78,B,500
09:40:20,14.77,S,10000
09:40:21,14.77,S,1000
09:40:21,14.78,B,500
09:40:22,14.77,S,100
09:40:29,14.77,S,5000
09:40:32,14.77,S,200
09:40:32,14.77,S,600
09:40:32,14.77,S,2400
09:40:34,14.78,B,200
09:40:35,14.78,B,1000
09:40:44,14.78,B,200
09:40:46,14.77,S,100
09:40:47,14.78,B,300
09:40:51,14.78,B,100
09:40:51,14.78,B,1000
09:40:51,14.78,B,300
09:40:51,14.78,B,6600
09:40:52,14.78,B,800
09:40:53,14.78,B,2600
09:40:53,14.78,B,4200
09:40:59,14.79,B,100
09:40:59,14.79,B,400
09:40:59,14.79,B,700
09:40:59,14.79,B,1500
09:40:59,14.8,B,100
09:40:59,14.8,B,3000
09:40:59,14.8,B,300
09:40:59,14.8,S,1500
09:41:00,14.8,S,300
09:41:00,14.8,S,100
09:41:01,14.8,S,300
09:41:01,14.8,S,200
09:41:05,14.8,S,1500
09:41:05,14.78,S,13200
09:41:05,14.78,S,500
09:41:05,14.77,S,17900
09:41:08,14.78,S,200
09:41:24,14.78,S,300
09:41:24,14.78,S,200
09:41:24,14.78,S,1000
09:41:26,14.79,B,1100
09:41:28,14.79,S,500
09:41:31,14.79,S,300
09:41:36,14.79,S,100
09:41:36,14.79,S,900
09:41:44,14.79,S,1100
09:41:44,14.79,S,400
09:41:45,14.79,S,200
09:41:46,14.8,B,500
09:41:46,14.79,S,400
09:41:46,14.78,S,300
09:41:52,14.8,B,100
09:41:52,14.8,B,100
09:41:52,14.81,B,500
09:41:57,14.8,S,100
09:41:57,14.79,S,100
09:41:57,14.79,S,200
09:42:07,14.8,S,300
09:42:07,14.8,S,700
09:42:07,14.79,S,100
09:42:15,14.81,B,400
09:42:15,14.81,B,600
09:42:16,14.8,S,2000
09:42:16,14.79,S,700
09:42:16,14.79,S,2000
09:42:16,14.79,S,300
09:42:17,14.79,S,400
09:42:22,14.8,S,300
09:42:34,14.81,B,1200
09:42:36,14.8,S,700
09:42:36,14.8,S,400
09:42:42,14.8,B,600
09:42:43,14.79,S,1000
09:42:43,14.79,S,500
09:42:43,14.8,B,1000
09:42:52,14.8,B,400
09:42:56,14.8,B,900
09:42:56,14.8,B,100
09:42:56,14.8,B,1000
09:42:57,14.8,B,500
09:42:57,14.8,B,1500
09:42:57,14.8,B,400
09:42:57,14.8,B,200
09:42:57,14.8,B,100
09:42:57,14.8,B,500
09:43:00,14.8,S,100
09:43:01,14.81,B,1100
09:43:01,14.81,B,200
09:43:01,14.81,B,500
09:43:01,14.81,B,100
09:43:01,14.81,B,200
09:43:01,14.81,B,1000
09:43:07,14.81,S,900
09:43:39,14.82,S,2300
09:43:42,14.83,B,4000
09:43:42,14.83,B,200
09:43:42,14.83,B,3000
09:43:42,14.83,B,100
09:43:42,14.83,B,100
09:43:42,14.84,B,700
09:43:42,14.84,B,500
09:43:42,14.84,B,700
09:43:42,14.84,B,2600
09:43:44,14.82,S,3000
09:43:49,14.83,B,100
09:43:49,14.83,B,100
09:43:51,14.83,S,300
09:43:52,14.83,S,1800
09:43:59,14.84,B,1400
09:43:59,14.84,B,200
09:43:59,14.84,B,300
09:43:59,14.84,B,400
09:43:59,14.85,B,2000
09:43:59,14.85,B,1000
09:43:59,14.85,B,10000
09:43:59,14.85,B,800
09:43:59,14.85,B,500
09:43:59,14.85,B,2000
09:43:59,14.85,B,5000
09:43:59,14.85,B,1000
09:43:59,14.85,B,700
09:43:59,14.85,B,10000
09:44:00,14.85,S,200
09:44:01,14.85,S,200
09:44:03,14.85,S,100
09:44:09,14.86,B,200
09:44:09,14.86,B,300
09:44:10,14.85,S,24200
09:44:10,14.85,S,2000
09:44:10,14.84,S,1000
09:44:10,14.84,S,2000
09:44:10,14.84,S,1000
09:44:10,14.84,S,2000
09:44:10,14.83,S,2800
09:44:10,14.83,S,7000
09:44:10,14.83,S,3000
09:44:10,14.83,S,200
09:44:10,14.83,S,2100
09:44:10,14.82,S,700
09:44:10,14.82,S,300
09:44:10,14.82,S,50000
09:44:10,14.82,S,1700
09:44:12,14.83,B,400
09:44:13,14.84,S,600
09:44:13,14.83,S,600
09:44:16,14.84,B,400
09:44:17,14.84,B,2400
09:44:18,14.83,S,100
09:44:18,14.83,S,400
09:44:20,14.83,B,200
09:44:20,14.82,S,500
09:44:22,14.82,S,2500
09:44:23,14.83,B,2300
09:44:27,14.83,S,400
09:44:29,14.83,S,200
09:44:30,14.83,S,400
09:44:33,14.84,B,3000
09:44:36,14.84,B,100
09:44:37,14.84,B,5000
09:44:38,14.84,B,600
09:44:39,14.83,S,3300
09:44:39,14.83,S,400
09:44:39,14.82,S,100
09:44:39,14.82,S,5000
09:44:54,14.84,B,1100
09:44:54,14.84,B,200
09:44:54,14.84,B,700
09:45:06,14.84,S,3500
09:45:06,14.84,S,2000
09:45:06,14.84,S,500
09:45:09,14.84,S,1100
09:45:09,14.84,S,500
09:45:09,14.84,S,700
09:45:09,14.83,S,2000
09:45:09,14.83,S,1500
09:45:10,14.83,S,100
09:45:13,14.85,B,1300
09:45:13,14.85,B,1000
09:45:13,14.85,B,3600
09:45:13,14.85,B,300
09:45:13,14.85,B,1190
09:45:13,14.85,B,2200
09:45:15,14.85,S,400
09:45:15,14.85,S,10
09:45:20,14.85,B,1090
09:45:20,14.85,B,200
09:45:22,14.85,S,10
09:45:23,14.84,S,500
09:45:26,14.84,B,100
09:45:30,14.84,B,1000
09:45:30,14.84,B,1000
09:45:33,14.84,B,400
09:45:33,14.85,B,190
09:45:34,14.85,S,400
09:45:37,14.85,S,500
09:45:41,14.85,S,500
09:45:43,14.85,S,820
09:45:45,14.85,S,900
09:45:49,14.85,S,5500
09:45:51,14.85,S,500
09:45:52,14.85,S,290
09:45:52,14.85,S,200
09:45:52,14.85,S,200
09:45:55,14.85,B,310
09:45:55,14.85,B,400
09:45:55,14.85,B,800
09:45:55,14.85,B,900
09:45:55,14.85,S,1090
09:45:56,14.84,S,200
09:45:56,14.84,S,500
09:45:56,14.84,S,200
09:45:56,14.84,S,200
09:45:56,14.83,S,1400
09:45:56,14.83,S,100
09:45:56,14.83,S,200
09:45:56,14.83,S,1000
09:45:56,14.83,S,100
09:45:56,14.83,S,500
09:45:56,14.83,S,400
09:45:56,14.82,S,1100
09:45:56,14.82,S,2000
09:45:56,14.82,S,1000
09:45:56,14.82,S,2000
09:45:56,14.82,S,600
09:45:56,14.82,S,300
09:45:56,14.82,S,100
09:45:56,14.82,S,500
09:45:56,14.82,S,200
09:45:56,14.82,S,1000
09:45:56,14.81,S,32300
09:46:01,14.85,B,300
09:46:04,14.85,B,100
09:46:06,14.85,B,1610
09:46:06,14.85,B,800
09:46:06,14.85,B,1000
09:46:06,14.85,B,500
09:46:06,14.86,B,700
09:46:06,14.86,B,390
09:46:08,14.85,B,500
09:46:08,14.85,B,300
09:46:08,14.86,B,610
09:46:08,14.86,B,8590
09:46:09,14.85,S,1000
09:46:16,14.84,B,9300
09:46:17,14.85,S,10000
09:46:20,14.86,B,200
09:46:22,14.85,S,7300
09:46:22,14.85,S,500
09:46:22,14.85,S,1000
09:46:23,14.85,B,6900
09:46:25,14.85,B,1000
09:46:27,14.85,B,200
09:46:29,14.83,S,1900
09:46:29,14.82,S,100
09:46:44,14.84,B,600
09:46:45,14.84,B,100
09:46:50,14.84,B,100
09:46:55,14.84,B,100
09:46:55,14.84,B,400
09:46:55,14.84,B,200
09:46:55,14.83,S,200
09:46:56,14.83,B,500
09:47:02,14.83,B,300
09:47:02,14.83,B,1500
09:47:02,14.83,B,100
09:47:02,14.83,B,100
09:47:03,14.83,B,400
09:47:03,14.84,B,2100
09:47:03,14.84,B,1100
09:47:06,14.85,B,100
09:47:07,14.84,S,5600
09:47:14,14.84,S,200
09:47:16,14.82,S,200
09:47:17,14.82,S,200
09:47:37,14.82,S,500
09:47:37,14.83,B,1000
09:47:40,14.82,S,500
09:47:42,14.83,B,100
09:47:42,14.83,B,11200
09:47:42,14.83,B,500
09:47:42,14.83,B,100
09:47:42,14.84,B,900
09:47:42,14.84,B,500
09:47:42,14.85,B,33000
09:47:42,14.85,B,1100
09:47:42,14.85,B,500
09:47:42,14.85,B,1300
09:47:43,14.85,S,100
09:47:43,14.85,S,300
09:47:47,14.85,S,500
09:47:55,14.84,B,800
09:47:55,14.83,S,1300
09:48:05,14.84,B,200
09:48:08,14.84,B,900
09:48:08,14.84,B,400
09:48:17,14.84,S,2000
09:48:21,14.84,S,700
09:48:21,14.83,S,7100
09:48:21,14.83,S,1000
09:48:21,14.83,S,2000
09:48:25,14.83,B,1000
09:48:25,14.83,B,5000
09:48:27,14.83,B,10000
09:48:32,14.83,B,100
09:48:32,14.83,B,2000
09:48:33,14.83,B,3300
09:48:40,14.83,B,1500
09:48:41,14.83,B,200
09:48:41,14.83,B,16100
09:48:41,14.83,B,600
09:48:41,14.83,B,1400
09:48:41,14.83,B,400
09:48:43,14.83,S,5400
09:48:49,14.84,B,3000
09:48:49,14.84,B,700
09:48:49,14.84,B,400
09:48:49,14.84,B,1000
09:48:49,14.85,B,5000
09:48:49,14.85,B,600
09:48:50,14.85,S,100
09:48:58,14.85,S,1300
09:48:59,14.85,S,200
09:49:00,14.85,S,20000
09:49:02,14.85,S,1000
09:49:17,14.85,S,700
09:49:18,14.85,S,3000
09:49:19,14.86,B,1000
09:49:19,14.86,B,5000
09:49:19,14.86,B,500
09:49:19,14.86,B,200
09:49:19,14.86,B,2000
09:49:19,14.86,B,500
09:49:19,14.86,B,100
09:49:19,14.86,B,500
09:49:19,14.86,B,200
09:49:19,14.87,B,1000
09:49:19,14.87,B,1500
09:49:19,14.87,B,10000
09:49:19,14.87,B,1000
09:49:19,14.87,B,2000
09:49:19,14.87,B,1000
09:49:19,14.87,B,500
09:49:19,14.87,B,500
09:49:19,14.87,B,500
09:49:19,14.87,B,600
09:49:19,14.87,B,900
09:49:19,14.88,B,20500
09:49:20,14.88,B,200
09:49:21,14.85,S,13000
09:49:21,14.83,S,12700
09:49:21,14.83,S,1000
09:49:21,14.83,S,1000
09:49:21,14.83,S,1000
09:49:21,14.83,S,300
09:49:21,14.83,S,200
09:49:25,14.83,B,8000
09:49:34,14.83,B,2000
09:49:34,14.83,B,3000
09:49:34,14.82,S,3500
09:49:34,14.82,S,1500
09:49:35,14.83,B,2300
09:49:39,14.83,B,100
09:49:43,14.83,B,400
09:49:44,14.83,B,1400
09:49:45,14.83,B,800
09:49:47,14.83,B,19200
09:49:47,14.83,B,3400
09:49:47,14.83,B,300
09:49:47,14.84,B,500
09:49:47,14.85,B,1000
09:49:47,14.85,B,8800
09:49:47,14.85,B,4900
09:49:47,14.85,B,600
09:49:47,14.85,B,200
09:49:48,14.85,S,100
09:49:49,14.85,S,500
09:49:50,14.85,S,500
09:49:51,14.85,S,800
09:49:57,14.85,S,100
09:50:00,14.85,S,600
09:50:06,14.85,S,2000
09:50:12,14.85,S,300
09:50:16,14.85,S,300
09:50:16,14.86,B,100
09:50:19,14.85,S,2200
09:50:30,14.85,S,2200
09:50:33,14.85,S,1500
09:50:33,14.85,S,100
09:50:46,14.85,B,100
09:50:46,14.85,B,1300
09:50:46,14.85,B,500
09:50:46,14.85,B,300
09:50:46,14.85,B,900
09:50:58,14.85,B,100
09:50:58,14.85,B,400
09:50:58,14.85,B,100
09:50:58,14.85,B,700
09:50:58,14.85,B,1000
09:50:59,14.86,B,800
09:50:59,14.85,S,500
09:51:00,14.85,S,300
09:51:02,14.86,B,300
09:51:02,14.86,B,4400
09:51:02,14.86,B,11210
09:51:02,14.86,B,400
09:51:02,14.86,B,290
09:51:08,14.86,B,410
09:51:08,14.86,B,600
09:51:08,14.86,B,2000
09:51:08,14.86,B,700
09:51:11,14.86,S,5300
09:51:12,14.87,B,100
09:51:14,14.86,S,1990
09:51:14,14.85,S,3210
09:51:21,14.85,S,14800
09:51:23,14.85,S,500
09:51:35,14.85,S,200
09:51:46,14.86,B,10000
09:51:46,14.86,B,1400
09:51:46,14.86,B,700
09:51:52,14.87,B,400
09:51:52,14.87,B,400
09:52:03,14.86,S,5100
09:52:03,14.86,S,4900
09:52:06,14.87,B,500
09:52:11,14.87,B,600
09:52:12,14.86,S,1600
09:52:16,14.86,S,2500
09:52:17,14.87,B,1700
09:52:18,14.87,B,500
09:52:18,14.87,B,400
09:52:18,14.87,B,100
09:52:29,14.86,S,1000
09:52:29,14.86,S,4000
09:52:34,14.86,S,100
09:52:34,14.86,S,1000
09:52:34,14.86,S,1000
09:52:34,14.86,S,500
09:52:35,14.86,B,1000
09:52:37,14.86,B,1000
09:52:40,14.85,S,2800
09:52:44,14.86,B,600
09:52:45,14.86,B,2300
09:52:52,14.86,B,1000
09:52:52,14.86,B,500
09:52:54,14.86,B,800
09:52:55,14.85,S,1000
09:53:14,14.85,S,100
09:53:14,14.85,S,500
09:53:18,14.86,B,200
09:53:18,14.86,B,100
09:53:18,14.86,B,700
09:53:21,14.86,B,1100
09:53:21,14.86,B,1000
09:53:21,14.86,B,2400
09:53:33,14.85,S,390
09:53:33,14.85,S,300
09:53:33,14.85,S,110
09:53:37,14.85,S,700
09:53:39,14.86,B,1000
09:53:42,14.85,S,4190
09:53:42,14.85,S,500
09:53:42,14.85,S,2000
09:53:42,14.85,S,500
09:53:42,14.85,S,500
09:53:42,14.85,S,200
09:53:42,14.85,S,1200
09:53:42,14.85,S,910
09:53:46,14.86,B,16700
09:53:46,14.86,B,1000
09:53:46,14.86,B,800
09:53:46,14.86,B,500
09:53:50,14.87,B,300
09:54:00,14.87,B,200
09:54:01,14.87,B,200
09:54:01,14.87,B,1000
09:54:01,14.87,B,1500
09:54:01,14.87,B,400
09:54:01,14.87,B,400
09:54:01,14.87,B,300
09:54:01,14.87,B,2000
09:54:01,14.87,B,600
09:54:01,14.87,B,600
09:54:01,14.87,B,100
09:54:01,14.87,B,4000
09:54:01,14.87,B,100
09:54:01,14.87,B,100
09:54:01,14.88,B,15300
09:54:24,14.87,S,500
09:54:25,14.87,S,3000
09:54:25,14.88,B,3000
09:54:27,14.87,S,1000
09:54:28,14.87,S,200
09:54:28,14.88,B,11000
09:54:28,14.88,B,1000
09:54:28,14.88,B,100
09:54:28,14.88,B,1700
09:54:28,14.88,B,6200
09:54:30,14.88,B,3800
09:54:30,14.88,B,400
09:54:30,14.88,B,1000
09:54:30,14.88,S,1000
09:54:51,14.89,B,200
09:54:51,14.89,B,100
09:54:51,14.89,B,1000
09:54:51,14.89,B,300
09:54:51,14.89,B,1000
09:54:51,14.89,B,2500
09:54:51,14.89,B,1000
09:54:51,14.9,B,4200
09:54:51,14.9,B,8100
09:54:51,14.9,B,1000
09:54:51,14.9,B,100
09:54:51,14.9,B,300
09:54:51,14.9,B,200
09:54:55,14.9,B,200
09:54:56,14.9,B,4600
09:54:56,14.9,B,200
09:54:56,14.9,B,1000
09:54:56,14.9,B,100
09:54:56,14.9,B,500
09:54:56,14.9,B,300
09:54:56,14.9,B,700
09:54:59,14.9,S,100
09:55:09,14.91,B,5000
09:55:09,14.91,B,2500
09:55:16,14.92,B,200
09:55:16,14.92,B,1300
09:55:17,14.92,B,2000
09:55:18,14.92,B,300
09:55:20,14.91,S,1000
09:55:25,14.92,B,1400
09:55:25,14.92,B,500
09:55:25,14.92,B,400
09:55:25,14.92,B,700
09:55:25,14.92,B,400
09:55:25,14.92,B,300
09:55:25,14.92,B,2600
09:55:25,14.92,B,2000
09:55:25,14.92,B,1700
09:55:26,14.91,S,1500
09:55:26,14.91,S,1000
09:55:26,14.91,S,500
09:55:27,14.92,B,1000
09:55:29,14.92,B,2000
09:55:34,14.92,B,1090
09:55:34,14.92,B,600
09:55:34,14.92,B,500
09:55:36,14.92,S,2500
09:55:37,14.92,S,300
09:55:38,14.92,S,100
09:55:39,14.92,S,1000
09:55:53,14.93,B,200
09:55:53,14.93,B,1000
09:56:00,14.93,B,500
09:56:00,14.93,B,800
09:56:01,14.93,B,4200
09:56:01,14.93,B,500
09:56:01,14.93,B,1000
09:56:01,14.93,B,2600
09:56:01,14.93,B,1000
09:56:01,14.93,B,700
09:56:02,14.92,S,900
09:56:04,14.93,B,2300
09:56:04,14.93,B,800
09:56:05,14.93,B,600
09:56:06,14.92,S,500
09:56:06,14.92,S,3000
09:56:07,14.93,B,1600
09:56:07,14.93,B,100
09:56:07,14.93,B,1000
09:56:07,14.93,B,300
09:56:07,14.93,B,600
09:56:07,14.93,B,400
09:56:08,14.93,B,500
09:56:09,14.94,B,10000
09:56:09,14.94,B,14400
09:56:09,14.94,B,1800
09:56:09,14.94,B,200
09:56:10,14.93,S,1000
09:56:11,14.93,S,200
09:56:11,14.93,S,15000
09:56:11,14.93,S,500
09:56:13,14.93,S,2500
09:56:15,14.93,S,3000
09:56:17,14.93,S,600
09:56:19,14.94,B,500
09:56:19,14.94,B,400
09:56:19,14.93,S,1000
09:56:19,14.93,S,1000
09:56:21,14.93,S,500
09:56:22,14.93,S,100
09:56:23,14.94,B,400
09:56:23,14.94,B,600
09:56:24,14.93,S,6131
09:56:25,14.93,S,15000
09:56:25,14.93,S,200
09:56:27,14.93,S,500
09:56:28,14.94,B,1600
09:56:28,14.94,B,400
09:56:28,14.93,S,500
09:56:31,14.94,B,400
09:56:31,14.94,B,300
09:56:31,14.95,B,500
09:56:31,14.95,B,500
09:56:31,14.95,B,1700
09:56:35,14.93,S,1300
09:56:36,14.93,S,1000
09:56:36,14.93,S,100
09:56:38,14.94,B,200
09:56:38,14.94,B,200
09:56:41,14.95,B,5300
09:56:41,14.95,B,3000
09:56:41,14.95,B,1000
09:56:41,14.95,B,500
09:56:44,14.95,S,300
09:56:56,14.95,S,100
09:56:57,14.95,S,500
09:56:58,14.95,S,14600
09:57:02,14.94,S,600
09:57:02,14.94,S,1000
09:57:02,14.94,S,3300
09:57:02,14.93,S,11000
09:57:08,14.94,S,300
09:57:08,14.93,S,469
09:57:08,14.93,S,231
09:57:17,14.94,B,1700
09:57:18,14.94,B,3300
09:57:18,14.94,B,900
09:57:18,14.95,B,15400
09:57:18,14.95,B,2000
09:57:18,14.95,B,300
09:57:19,14.95,B,300
09:57:19,14.95,B,100
09:57:19,14.95,B,700
09:57:20,14.93,S,400
09:57:20,14.93,S,1000
09:57:22,14.95,B,500
09:57:22,14.96,B,500
09:57:22,14.93,S,200
09:57:26,14.93,S,5000
09:57:27,14.95,S,800
09:57:29,14.95,S,500
09:57:29,14.95,S,200
09:57:30,14.95,S,500
09:57:30,14.95,S,200
09:57:32,14.94,B,4900
09:57:34,14.94,B,1400
09:57:35,14.93,S,200
09:57:36,14.93,S,2000
09:57:37,14.94,B,3700
09:57:37,14.94,B,1500
09:57:37,14.94,B,1000
09:57:37,14.94,B,1000
09:57:37,14.94,S,100
09:57:39,14.94,S,1200
09:57:42,14.95,B,100
09:57:42,14.95,B,200
09:57:42,14.95,B,100
09:57:44,14.94,S,500
09:57:45,14.94,S,1000
09:57:45,14.94,S,700
09:57:45,14.95,B,2100
09:57:45,14.95,B,22900
09:57:45,14.95,B,300
09:57:45,14.95,B,1300
09:57:47,14.94,S,8000
09:57:49,14.94,S,100
09:57:51,14.94,S,200
09:57:54,14.95,B,6900
09:57:55,14.94,S,700
09:57:55,14.94,S,500
09:57:56,14.94,S,3200
09:57:57,14.94,S,1300
09:57:59,14.94,S,400
09:57:59,14.94,S,11500
09:57:59,14.94,S,5600
09:57:59,14.94,S,2100
09:57:59,14.94,S,1000
09:58:00,14.93,S,5000
09:58:03,14.94,B,1000
09:58:07,14.94,B,200
09:58:09,14.94,B,1200
09:58:11,14.93,S,969
09:58:11,14.93,S,1331
09:58:16,14.94,B,100
09:58:16,14.93,S,1000
09:58:18,14.93,S,2669
09:58:18,14.93,S,200
09:58:18,14.93,S,131
09:58:18,14.93,S,1000
09:58:18,14.93,S,369
09:58:18,14.93,S,131
09:58:19,14.93,S,1669
09:58:19,14.93,S,300
09:58:19,14.93,S,831
09:58:19,14.93,S,169
09:58:19,14.93,S,2531
09:58:23,14.93,S,1000
09:58:25,14.93,S,969
09:58:25,14.93,S,2800
09:58:25,14.93,S,500
09:58:29,14.92,S,200
09:58:30,14.93,B,100
09:58:36,14.92,S,5000
09:58:41,14.92,S,2600
09:58:44,14.93,B,100
09:58:47,14.92,S,800
09:58:48,14.92,S,1300
09:58:49,14.92,S,1000
09:58:50,14.93,B,531
09:58:50,14.93,B,1000
09:58:50,14.93,B,469
09:58:50,14.92,S,1400
09:58:51,14.92,S,800
09:58:53,14.92,S,3010
09:58:53,14.92,S,200
09:58:53,14.92,S,500
09:58:53,14.92,S,200
09:58:53,14.92,S,100
09:58:53,14.92,S,1000
09:58:53,14.92,S,1000
09:58:53,14.91,S,300
09:58:53,14.91,S,700
09:58:53,14.91,S,8300
09:58:53,14.91,S,1000
09:58:53,14.91,S,2000
09:58:53,14.9,S,500
09:58:53,14.9,S,1190
09:59:20,14.9,S,8810
09:59:20,14.9,S,3000
09:59:20,14.9,S,1900
09:59:20,14.9,S,200
09:59:20,14.9,S,200
09:59:20,14.9,S,200
09:59:20,14.9,S,600
09:59:20,14.9,S,10000
09:59:20,14.9,S,800
09:59:20,14.89,S,1000
09:59:20,14.89,S,3500
09:59:20,14.89,S,2000
09:59:20,14.88,S,2000
09:59:20,14.88,S,900
09:59:20,14.88,S,200
09:59:20,14.88,S,400
09:59:20,14.88,S,1500
09:59:20,14.87,S,15300
09:59:20,14.87,S,100
09:59:20,14.87,S,1000
09:59:20,14.87,S,500
09:59:20,14.86,S,17600
09:59:20,14.86,S,1000
09:59:20,14.86,S,100
09:59:20,14.86,S,10300
09:59:20,14.86,S,500
09:59:20,14.85,S,1000
09:59:20,14.85,S,1500
09:59:20,14.85,S,1000
09:59:20,14.85,S,500
09:59:20,14.85,S,1000
09:59:20,14.85,S,40000
09:59:31,14.85,B,200
09:59:32,14.85,B,1500
09:59:43,14.83,S,1000
09:59:43,14.83,S,400
09:59:43,14.83,S,500
09:59:43,14.83,S,1000
09:59:43,14.83,S,1100
09:59:46,14.85,B,200
09:59:52,14.85,B,1000
09:59:54,14.83,S,1700
09:59:58,14.85,B,2000
09:59:58,14.85,B,16490
09:59:58,14.85,B,1800
09:59:58,14.85,B,4410
10:00:03,14.85,B,100
10:00:03,14.85,B,1000
10:00:14,14.85,B,1000
10:00:14,14.85,B,200
10:00:16,14.84,S,700
10:00:16,14.85,B,700
10:00:16,14.85,B,1300
10:00:18,14.85,B,100
10:00:18,14.85,B,1300
10:00:21,14.84,S,100
10:00:26,14.85,B,2600
10:00:27,14.85,B,1000
10:00:27,14.84,S,1000
10:00:35,14.84,S,500
10:00:36,14.84,S,200
10:00:39,14.84,S,500
10:00:39,14.84,S,200
10:00:39,14.84,S,400
10:00:43,14.85,B,100
10:00:44,14.84,S,2000
10:00:46,14.84,B,500
10:00:48,14.84,B,5000
10:00:50,14.84,B,11500
10:00:52,14.84,B,200
10:00:56,14.84,B,2700
10:00:56,14.84,B,2300
10:00:56,14.84,B,5000
10:00:56,14.84,B,300
10:01:01,14.84,S,2400
10:01:03,14.85,S,500
10:01:03,14.84,S,12200
10:01:06,14.84,B,500
10:01:10,14.83,S,200
10:01:12,14.84,B,400
10:01:12,14.84,B,500
10:01:12,14.84,B,1500
10:01:12,14.84,B,1000
10:01:12,14.84,B,1200
10:01:13,14.84,B,200
10:01:13,14.84,B,90
10:01:13,14.84,S,500
10:01:27,14.85,S,600
10:01:27,14.85,S,400
10:01:27,14.84,S,1710
10:01:27,14.84,S,300
10:01:27,14.84,S,1990
10:01:35,14.84,S,300
10:01:36,14.84,S,710
10:01:36,14.84,S,1900
10:01:36,14.84,S,1000
10:01:40,14.84,B,1000
10:01:42,14.83,S,17000
10:01:42,14.83,S,2000
10:01:42,14.83,S,3000
10:01:42,14.83,S,1000
10:01:42,14.83,S,2000
10:01:48,14.84,B,390
10:01:48,14.84,B,210
10:01:55,14.83,S,1400
10:01:56,14.84,B,1000
10:01:59,14.84,B,690
10:02:00,14.85,B,10000
10:02:00,14.85,B,1400
10:02:00,14.85,B,1400
10:02:00,14.85,B,3000
10:02:01,14.85,S,1500
10:02:02,14.85,S,800
10:02:10,14.86,B,700
10:02:10,14.86,B,200
10:02:12,14.85,S,1400
10:02:24,14.86,B,1200
10:02:25,14.86,S,800
10:02:26,14.86,B,700
10:02:26,14.87,B,700
10:02:26,14.87,B,2500
10:02:27,14.87,S,100
10:02:28,14.86,S,1300
10:02:32,14.86,S,400
10:02:32,14.86,S,1000
10:02:32,14.85,S,9478
10:02:33,14.85,S,1000
10:02:34,14.88,B,400
10:02:34,14.89,B,1000
10:02:34,14.89,B,1200
10:02:34,14.89,B,400
10:02:34,14.9,B,100
10:02:34,14.9,B,3000
10:02:34,14.9,B,700
10:02:34,14.9,B,800
10:02:34,14.9,B,100
10:02:34,14.9,B,2300
10:02:49,14.89,B,200
10:02:49,14.9,B,2700
10:02:49,14.9,B,100
10:03:00,14.89,B,1400
10:03:00,14.89,S,1400
10:03:09,14.9,B,400
10:03:09,14.9,B,200
10:03:09,14.9,B,1100
10:03:09,14.9,B,2000
10:03:12,14.9,S,1300
10:03:12,14.89,S,300
10:03:17,14.89,S,2000
10:03:20,14.9,B,600
10:03:32,14.89,S,100
10:03:37,14.89,S,200
10:03:37,14.89,S,1400
10:03:39,14.9,B,1700
10:03:43,14.9,S,100
10:03:47,14.9,S,800
10:03:48,14.9,S,100
10:03:54,14.9,S,1300
10:03:54,14.89,S,600
10:03:54,14.89,S,100
10:03:54,14.89,S,1500
10:03:54,14.89,S,100
10:03:54,14.89,S,1400
10:03:56,14.9,B,100
10:03:57,14.9,S,100
10:04:02,14.89,S,1600
10:04:09,14.9,B,400
10:04:09,14.9,B,900
10:04:09,14.9,B,200
10:04:09,14.9,B,3000
10:04:11,14.9,S,1700
10:04:19,14.9,S,4127
10:04:20,14.9,S,200
10:04:22,14.9,S,1300
10:04:25,14.9,S,4000
10:04:26,14.9,S,773
10:04:26,14.9,S,200
10:04:26,14.9,S,427
10:04:28,14.9,S,173
10:04:30,14.9,B,2827
10:04:30,14.9,B,17173
10:04:33,14.9,B,400
10:04:37,14.9,B,16600
10:04:39,14.89,S,200
10:04:43,14.9,B,3127
10:04:43,14.9,B,2000
10:04:43,14.9,B,3300
10:04:43,14.9,B,1100
10:04:43,14.9,B,500
10:04:43,14.9,B,1700
10:04:46,14.9,S,3100
10:04:46,14.9,S,1000
10:04:46,14.9,S,500
10:04:50,14.9,S,273
10:04:50,14.9,S,3027
10:04:50,14.9,S,20000
10:04:51,14.9,S,300
10:04:52,14.9,S,4000
10:04:54,14.9,S,3000
10:04:55,14.9,S,2000
10:04:55,14.9,S,1700
10:04:57,14.9,S,1000
10:04:59,14.9,S,1573
10:05:05,14.9,B,1100
10:05:12,14.89,S,400
10:05:12,14.89,S,800
10:05:14,14.9,B,100
10:05:14,14.9,B,100
10:05:25,14.9,B,600
10:05:29,14.9,B,100
10:05:30,14.9,B,1000
10:05:31,14.89,S,400
10:05:31,14.88,S,1100
10:05:32,14.9,B,5000
10:05:42,14.89,B,300
10:05:42,14.88,S,3000
10:05:49,14.88,S,3000
10:05:50,14.88,S,2000
10:05:52,14.89,B,200
10:05:52,14.89,B,2300
10:05:52,14.89,B,100
10:05:52,14.89,B,200
10:05:53,14.89,S,200
10:05:55,14.88,S,1600
10:05:55,14.88,S,1600
10:06:01,14.89,B,200
10:06:07,14.88,S,4000
10:06:09,14.89,B,700
10:06:09,14.89,B,400
10:06:09,14.89,B,100
10:06:10,14.88,S,500
10:06:16,14.88,S,1000
10:06:18,14.88,S,1500
10:06:18,14.88,S,5500
10:06:26,14.88,S,2100
10:06:27,14.88,S,1500
10:06:30,14.88,S,100
10:06:35,14.88,S,2300
10:06:40,14.88,S,500
10:06:41,14.88,S,100
10:06:43,14.88,S,2400
10:06:45,14.88,S,200
10:06:48,14.88,S,200
10:06:48,14.88,S,2100
10:06:49,14.88,S,300
10:06:49,14.88,S,100
10:06:49,14.88,S,100
10:06:49,14.88,S,200
10:06:51,14.88,S,4000
10:06:53,14.88,S,200
10:06:53,14.88,S,400
10:06:53,14.88,S,300
10:06:53,14.88,S,200
10:06:53,14.87,S,1000
10:06:53,14.87,S,400
10:07:15,14.87,S,1500
10:07:15,14.87,S,8100
10:07:16,14.87,B,3000
10:07:17,14.87,B,700
10:07:25,14.87,B,3200
10:07:25,14.87,B,300
10:07:31,14.87,S,1500
10:07:34,14.88,B,500
10:07:38,14.88,B,300
10:07:38,14.88,B,1500
10:07:42,14.88,B,200
10:07:42,14.88,B,700
10:07:42,14.88,B,300
10:07:44,14.88,B,400
10:07:44,14.88,B,400
10:07:44,14.88,B,500
10:07:44,14.88,B,1500
10:07:44,14.88,B,200
10:07:44,14.88,B,800
10:07:51,14.88,S,300
10:07:52,14.88,S,1500
10:07:56,14.88,S,200
10:07:56,14.88,S,200
10:07:56,14.88,S,2300
10:08:02,14.89,B,1100
10:08:04,14.88,S,100
10:08:04,14.88,S,700
10:08:06,14.89,B,1100
10:08:06,14.89,B,300
10:08:06,14.89,B,5100
10:08:07,14.88,S,3000
10:08:08,14.89,B,1000
10:08:16,14.88,S,1300
10:08:16,14.87,S,200
10:08:16,14.87,S,1500
10:08:23,14.88,B,900
10:08:23,14.88,B,300
10:08:27,14.89,B,3900
10:08:27,14.89,B,1400
10:08:27,14.89,B,200
10:08:27,14.89,B,500
10:08:28,14.89,B,800
10:08:28,14.89,B,200
10:08:30,14.88,S,1400
10:08:33,14.89,B,100
10:08:35,14.9,B,327
10:08:35,14.9,B,573
10:08:37,14.89,S,9900
10:08:37,14.89,S,100
10:08:40,14.89,S,400
10:08:46,14.89,S,800
10:08:53,14.89,B,500
10:08:57,14.89,S,400
10:08:57,14.88,S,600
10:09:10,14.89,B,100
10:09:12,14.89,B,200
10:09:15,14.89,B,1700
10:09:15,14.89,B,400
10:09:15,14.89,B,800
10:09:17,14.89,S,100
10:09:17,14.88,S,1900
10:09:24,14.89,B,1000
10:09:36,14.88,S,500
10:09:36,14.88,S,14400
10:09:36,14.88,S,500
10:09:36,14.88,S,10000
10:09:36,14.88,S,1800
10:09:36,14.88,S,1700
10:09:36,14.88,S,10000
10:09:38,14.87,S,500
10:09:40,14.88,B,100
10:09:45,14.87,S,1000
10:09:45,14.87,S,600
10:09:50,14.88,B,1000
10:09:51,14.88,B,4000
10:10:01,14.87,S,700
10:10:02,14.87,B,300
10:10:02,14.88,B,2200
10:10:11,14.86,S,200
10:10:11,14.86,S,1300
10:10:16,14.87,S,500
10:10:23,14.88,B,16600
10:10:24,14.88,B,2200
10:10:27,14.87,S,500
10:10:27,14.87,S,200
10:10:28,14.87,S,2000
10:10:43,14.88,B,27600
10:10:46,14.87,S,500
10:10:47,14.87,S,10000
10:10:47,14.88,B,7900
10:10:47,14.88,B,3000
10:10:47,14.88,B,100
10:10:47,14.88,B,1000
10:10:47,14.88,B,2000
10:10:47,14.88,B,1200
10:10:47,14.88,B,200
10:10:55,14.88,S,3200
10:10:55,14.88,S,300
10:10:55,14.88,S,1100
10:10:59,14.88,B,900
10:11:03,14.88,S,500
10:11:03,14.88,S,3000
10:11:04,14.88,B,100
10:11:07,14.88,S,200
10:11:15,14.89,B,500
10:11:15,14.89,B,1400
10:11:21,14.89,S,100
10:11:24,14.88,B,3100
10:11:36,14.89,B,1000
10:11:39,14.89,B,300
10:11:39,14.89,S,300
10:11:40,14.9,B,427
10:11:40,14.9,B,200
10:11:40,14.9,B,500
10:11:40,14.9,B,1000
10:11:40,14.9,B,473
10:11:40,14.9,B,700
10:11:52,14.89,S,1400
10:11:53,14.9,B,100
10:12:02,14.89,S,500
10:12:03,14.9,B,200
10:12:05,14.9,B,500
10:12:07,14.9,B,5000
10:12:08,14.9,B,1000
10:12:11,14.89,S,400
10:12:11,14.9,B,2100
10:12:24,14.9,B,1000
10:12:25,14.89,S,700
10:12:25,14.89,S,900
10:12:26,14.9,B,100
10:12:30,14.89,S,700
10:12:32,14.9,B,100
10:12:36,14.9,B,1500
10:12:38,14.9,B,7227
10:12:38,14.9,B,2000
10:12:38,14.9,B,773
10:12:44,14.9,B,500
10:12:44,14.89,S,600
10:12:46,14.89,S,400
10:12:46,14.89,S,1100
10:12:48,14.9,B,727
10:12:48,14.9,B,100
10:12:48,14.9,B,1000
10:12:48,14.9,B,673
10:12:48,14.9,B,300
10:12:48,14.9,B,10000
10:12:48,14.9,B,2000
10:12:48,14.9,B,100
10:12:48,14.9,B,1127
10:12:48,14.9,B,400
10:12:48,14.9,B,100
10:12:48,14.9,B,4900
10:12:48,14.9,B,200
10:12:48,14.9,B,200
10:12:48,14.9,B,200
10:12:48,14.9,B,400
10:12:48,14.9,B,1600
10:12:52,14.9,S,200
10:12:55,14.91,B,3000
10:12:55,14.91,B,100
10:12:55,14.91,B,2000
10:12:55,14.91,B,5000
10:12:55,14.91,B,500
10:12:55,14.91,B,400
10:12:57,14.9,S,1000
10:13:17,14.91,B,2600
10:13:17,14.91,B,200
10:13:17,14.91,B,1000
10:13:17,14.91,B,100
10:13:17,14.91,B,600
10:13:17,14.91,B,500
10:13:18,14.91,B,800
10:13:18,14.91,B,200
10:13:26,14.91,S,100
10:13:28,14.91,S,900
10:13:43,14.91,B,400
10:13:43,14.91,B,600
10:14:01,14.9,S,1300
10:14:03,14.9,S,4000
10:14:06,14.91,B,600
10:14:06,14.9,S,900
10:14:12,14.9,S,1500
10:14:16,14.91,B,5000
10:14:23,14.91,B,3700
10:14:25,14.91,B,1000
10:14:25,14.91,B,6600
10:14:28,14.9,S,20000
10:14:28,14.91,B,500
10:14:28,14.91,B,300
10:14:28,14.91,B,1300
10:14:28,14.91,B,1000
10:14:28,14.91,B,200
10:14:31,14.91,S,700
10:14:34,14.91,S,1400
10:14:38,14.91,S,100
10:14:38,14.91,S,2000
10:14:38,14.9,S,2073
10:14:38,14.9,S,1000
10:14:38,14.9,S,2000
10:14:38,14.9,S,2500
10:14:38,14.9,S,20000
10:14:38,14.9,S,500
10:14:41,14.9,B,1000
10:14:44,14.89,S,900
10:14:44,14.89,S,2000
10:14:51,14.9,B,400
10:14:55,14.9,B,16600
10:15:00,14.9,B,1600
10:15:01,14.89,S,1300
10:15:04,14.9,B,227
10:15:04,14.9,B,2400
10:15:04,14.9,B,400
10:15:04,14.9,B,1000
10:15:04,14.9,S,973
10:15:04,14.89,S,19027
10:15:07,14.9,S,400
10:15:19,14.9,S,600
10:15:32,14.9,S,200
10:15:38,14.9,S,200
10:15:38,14.9,S,2600
10:15:38,14.9,S,1200
10:15:46,14.91,B,3500
10:15:46,14.91,B,300
10:15:46,14.91,B,200
10:15:48,14.91,S,2400
10:15:50,14.91,S,900
10:15:52,14.91,S,100
10:15:53,14.92,B,9900
10:15:53,14.92,B,100
10:16:03,14.92,B,1500
10:16:03,14.92,B,5000
10:16:03,14.92,B,100
10:16:10,14.91,S,500
10:16:13,14.92,B,300
10:16:13,14.92,B,200
10:16:13,14.92,B,1000
10:16:15,14.91,S,18700
10:16:15,14.91,S,669
10:16:16,14.92,B,4000
10:16:16,14.92,B,1000
10:16:18,14.92,B,1000
10:16:18,14.91,S,300
10:16:30,14.91,S,2031
10:16:30,14.91,S,200
10:16:30,14.91,S,269
10:16:31,14.91,S,500
10:16:33,14.91,S,5000
10:16:37,14.91,S,1100
10:16:40,14.92,B,1000
10:16:40,14.92,B,400
10:16:40,14.92,B,2000
10:16:40,14.91,S,9731
10:16:40,14.91,S,169
10:16:43,14.91,S,200
10:16:47,14.92,B,4100
10:16:47,14.92,B,300
10:16:47,14.92,B,100
10:16:49,14.91,S,200
10:16:57,14.91,S,200
10:17:03,14.92,B,1000
10:17:03,14.92,B,1000
10:17:03,14.92,B,200
10:17:03,14.92,B,1000
10:17:03,14.92,B,1200
10:17:03,14.92,B,200
10:17:06,14.92,S,1000
10:17:09,14.92,S,2500
10:17:09,14.92,S,1500
10:17:11,14.91,S,54
10:17:11,14.92,B,3000
10:17:19,14.92,S,500
10:17:32,14.92,S,100
10:17:32,14.92,S,900
10:17:35,14.92,S,4100
10:17:35,14.92,S,200
10:17:35,14.92,S,2700
10:17:38,14.92,S,600
10:17:42,14.92,S,3300
10:17:46,14.92,S,300
10:17:48,14.92,S,9900
10:17:49,14.92,S,4300
10:17:50,14.92,S,7400
10:17:50,14.92,S,2800
10:17:53,14.92,B,400
10:17:55,14.92,B,100
10:18:06,14.92,B,4300
10:18:06,14.92,B,5000
10:18:06,14.93,B,331
10:18:06,14.93,B,600
10:18:06,14.93,B,5000
10:18:06,14.93,B,4569
10:18:16,14.92,B,500
10:18:16,14.92,B,3000
10:18:28,14.92,S,400
10:18:29,14.92,S,300
10:18:36,14.93,B,5431
10:18:36,14.93,B,500
10:18:36,14.93,B,22100
10:18:36,14.93,B,1000
10:18:36,14.93,B,500
10:18:36,14.93,B,1000
10:18:36,14.93,B,600
10:18:36,14.93,B,400
10:18:36,14.93,B,1000
10:18:38,14.93,S,400
10:18:44,14.93,S,1000
10:18:46,14.93,S,5500
10:18:53,14.93,S,100
10:18:53,14.94,B,700
10:19:00,14.93,S,15000
10:19:05,14.94,B,300
10:19:05,14.94,B,300
10:19:05,14.94,B,100
10:19:05,14.94,B,1200
10:19:05,14.94,B,1000
10:19:05,14.94,B,2000
10:19:05,14.94,B,1200
10:19:05,14.94,B,1000
10:19:05,14.94,B,500
10:19:05,14.94,B,400
10:19:05,14.94,B,20000
10:19:05,14.94,B,100
10:19:05,14.94,B,200
10:19:05,14.94,B,5600
10:19:07,14.94,B,200
10:19:09,14.93,S,5469
10:19:09,14.93,S,531
10:19:09,14.94,B,2200
10:19:09,14.94,B,400
10:19:16,14.94,B,200
10:19:16,14.94,B,200
10:19:16,14.94,B,600
10:19:19,14.94,B,1000
10:19:19,14.95,B,100
10:19:19,14.95,B,300
10:19:19,14.95,B,500
10:19:19,14.95,B,2000
10:19:19,14.95,B,2000
10:19:19,14.95,B,500
10:19:19,14.95,B,1000
10:19:19,14.95,B,200
10:19:19,14.95,B,1500
10:19:19,14.95,B,2000
10:19:19,14.95,B,5000
10:19:19,14.95,B,2000
10:19:19,14.95,B,2000
10:19:19,14.95,B,2000
10:19:19,14.95,B,31500
10:19:19,14.93,S,2200
10:19:22,14.94,B,200
10:19:24,14.94,B,100
10:19:31,14.95,B,20500
10:19:31,14.95,B,3200
10:19:31,14.95,B,500
10:19:31,14.95,B,1000
10:19:31,14.95,B,400
10:19:35,14.95,S,500
10:19:36,14.95,S,3700
10:19:40,14.95,S,11500
10:19:43,14.95,S,17000
10:19:43,14.95,S,500
10:19:44,14.96,B,500
10:19:44,14.96,B,1000
10:19:44,14.96,B,300
10:19:44,14.96,B,1000
10:19:44,14.96,B,2200
10:19:44,14.96,B,1000
10:19:44,14.96,B,600
10:19:44,14.96,B,2000
10:19:44,14.96,B,1400
10:19:45,14.96,B,2000
10:19:51,14.95,S,1200
10:19:58,14.96,B,1000
10:19:59,14.94,S,50000
10:19:59,14.96,B,1200
10:20:06,14.95,B,300
10:20:08,14.94,S,600
10:20:10,14.94,S,100
10:20:12,14.95,B,200
10:20:14,14.94,S,29200
10:20:14,14.94,S,2900
10:20:15,14.94,B,300
10:20:15,14.94,B,100
10:20:17,14.94,B,400
10:20:18,14.94,B,400
10:20:18,14.95,B,2900
10:20:18,14.95,B,500
10:20:18,14.95,B,600
10:20:18,14.95,B,100
10:20:18,14.95,B,600
10:20:18,14.95,B,200
10:20:18,14.95,B,600
10:20:18,14.95,B,600
10:20:18,14.95,B,1000
10:20:18,14.96,B,2100
10:20:18,14.96,B,2000
10:20:18,14.96,B,200
10:20:18,14.96,B,1000
10:20:18,14.96,B,700
10:20:18,14.96,B,1200
10:20:18,14.96,B,100
10:20:18,14.96,B,2200
10:20:18,14.96,B,600
10:20:18,14.96,B,400
10:20:22,14.95,S,400
10:20:22,14.93,S,669
10:20:22,14.93,S,5000
10:20:50,14.92,S,100
10:20:55,14.93,B,900
10:20:59,14.93,B,331
10:20:59,14.93,B,200
10:21:04,14.94,B,500
10:21:04,14.94,B,500
10:21:04,14.95,B,1000
10:21:04,14.95,B,4600
10:21:06,14.93,S,300
10:21:07,14.93,S,169
10:21:07,14.93,S,31
10:21:14,14.93,S,200
10:21:24,14.93,S,500
10:21:28,14.93,S,300
10:21:35,14.93,S,5340
10:21:37,14.93,S,100
10:21:43,14.93,S,400
10:21:49,14.94,B,300
10:21:49,14.94,B,100
10:21:49,14.95,B,400
10:21:49,14.95,B,200
10:21:49,14.95,B,300
10:21:49,14.95,B,2700
10:21:58,14.94,S,500
10:21:59,14.94,S,700
10:21:59,14.94,S,300
10:22:07,14.95,B,300
10:22:07,14.95,B,500
10:22:07,14.95,B,100
10:22:07,14.95,B,100
10:22:07,14.95,B,300
10:22:07,14.95,B,200
10:22:07,14.95,B,100
10:22:07,14.95,B,1000
10:22:10,14.95,S,100
10:22:12,14.95,S,200
10:22:14,14.95,S,700
10:22:14,14.95,S,3000
10:22:17,14.94,S,200
10:22:17,14.94,S,200
10:22:18,14.94,S,100
10:22:41,14.94,S,700
10:22:41,14.94,S,4300
10:22:42,14.94,S,1200
10:22:42,14.94,S,1800
10:22:43,14.94,S,200
10:22:46,14.94,S,100
10:22:50,14.95,B,100
10:22:51,14.95,B,300
10:22:51,14.95,B,500
10:22:51,14.95,B,2000
10:22:51,14.95,B,7200
10:22:54,14.95,B,2800
10:22:54,14.95,B,500
10:22:54,14.95,B,2000
10:22:54,14.95,B,100
10:22:54,14.95,B,600
10:22:54,14.95,B,600
10:22:54,14.95,B,1500
10:22:55,14.95,S,1000
10:22:55,14.95,S,900
10:22:55,14.94,S,100
10:22:59,14.95,S,100
10:23:00,14.95,S,200
10:23:01,14.95,S,500
10:23:04,14.95,S,1000
10:23:05,14.95,S,2800
10:23:05,14.94,S,7100
10:23:07,14.94,S,300
10:23:08,14.94,S,700
10:23:14,14.94,S,700
10:23:15,14.95,B,200
10:23:17,14.95,B,100
10:23:19,14.94,S,100
10:23:35,14.94,S,100
10:23:38,14.95,B,500
10:23:38,14.95,B,500
10:23:38,14.95,B,500
10:23:38,14.95,B,500
10:23:45,14.94,S,2000
10:23:54,14.94,S,200
10:23:56,14.95,B,4000
10:23:56,14.95,B,1200
10:23:56,14.95,B,200
10:23:56,14.95,B,1000
10:23:56,14.95,B,3000
10:23:56,14.95,B,400
10:23:56,14.95,B,2000
10:23:56,14.95,B,300
10:23:56,14.95,B,300
10:23:56,14.96,B,200
10:23:56,14.96,B,1000
10:23:56,14.96,B,3000
10:23:56,14.96,B,200
10:23:56,14.96,B,500
10:23:56,14.96,B,1000
10:23:56,14.96,B,1000
10:23:56,14.96,B,200
10:23:56,14.96,B,1000
10:23:56,14.96,B,1000
10:23:56,14.96,B,2000
10:23:56,14.96,B,2000
10:23:56,14.96,B,400
10:23:56,14.96,B,2400
10:23:56,14.96,B,2000
10:23:56,14.96,B,2000
10:23:56,14.96,B,1000
10:23:56,14.96,B,400
10:23:56,14.96,B,1000
10:23:56,14.96,B,1000
10:23:56,14.96,B,300
10:23:56,14.96,B,100
10:23:57,14.96,S,500
10:23:57,14.94,S,300
10:24:01,14.95,S,2500
10:24:05,14.95,S,500
10:24:11,14.96,S,500
10:24:18,14.97,B,1000
10:24:18,14.97,B,100
10:24:22,14.96,S,5000
10:24:23,14.97,B,600
10:24:23,14.97,B,500
10:24:25,14.96,S,200
10:24:29,14.96,S,500
10:24:31,14.96,S,48800
10:24:32,14.96,B,1000
10:24:34,14.95,S,800
10:24:40,14.96,B,5000
10:24:44,14.95,S,100
10:24:44,14.96,B,1800
10:24:46,14.96,B,1500
10:24:47,14.95,S,100
10:24:50,14.96,B,1900
10:24:50,14.96,B,2000
10:24:50,14.96,B,900
10:24:50,14.97,B,5500
10:24:54,14.96,B,100
10:24:54,14.97,B,900
10:24:57,14.97,B,2300
10:25:02,14.96,S,1200
10:25:10,14.97,B,800
10:25:10,14.97,B,200
10:25:11,14.97,B,2800
10:25:11,14.97,B,5400
10:25:11,14.97,B,1500
10:25:11,14.97,B,300
10:25:15,14.97,B,900
10:25:21,14.96,S,200
10:25:22,14.97,B,1000
10:25:22,14.97,B,2000
10:25:22,14.97,B,800
10:25:22,14.97,B,100
10:25:22,14.97,B,2000
10:25:22,14.97,B,600
10:25:25,14.97,S,600
10:25:27,14.97,S,100
10:25:33,14.97,S,400
10:25:33,14.97,S,900
10:25:35,14.97,B,3700
10:25:35,14.98,B,800
10:25:35,14.98,B,200
10:25:35,14.98,B,200
10:25:35,14.98,B,400
10:25:35,14.98,B,3000
10:25:35,14.98,B,200
10:25:35,14.98,B,500
10:25:35,14.98,B,1000
10:25:35,14.98,B,700
10:25:35,14.98,B,300
10:25:35,14.98,B,3000
10:25:35,14.98,B,500
10:25:35,14.98,B,300
10:25:35,14.98,B,800
10:25:35,14.98,B,300
10:25:35,14.98,B,1000
10:25:35,14.98,B,9700
10:25:37,14.97,B,2000
10:25:38,14.97,S,1400
10:25:40,14.98,B,300
10:25:40,14.98,B,200
10:25:40,14.98,B,300
10:25:40,14.98,B,100
10:25:40,14.98,B,800
10:25:41,14.98,S,100
10:25:44,14.98,S,200
10:25:47,14.98,B,800
10:25:48,14.99,B,100
10:25:48,14.98,S,1000
10:25:50,14.98,S,3300
10:25:55,14.99,B,300
10:25:55,14.99,B,1000
10:25:55,14.99,B,1000
10:25:55,14.99,B,500
10:25:55,14.99,B,1000
10:25:55,14.99,B,300
10:25:57,14.97,S,1000
10:26:00,14.98,B,200
10:26:00,14.99,B,600
10:26:02,14.99,B,5000
10:26:04,14.97,S,200
10:26:07,14.99,B,100
10:26:07,14.99,B,900
10:26:07,14.99,B,1500
10:26:12,14.98,B,200
10:26:17,14.98,S,100
10:26:18,14.98,S,1000
10:26:18,14.97,S,3000
10:26:22,14.99,B,200
10:26:24,14.97,S,1200
10:26:34,14.98,B,2000
10:26:34,14.99,B,300
10:26:34,14.99,B,500
10:26:34,14.99,B,1000
10:26:34,14.99,B,800
10:26:34,14.99,B,2000
10:26:34,14.99,B,5000
10:26:34,14.99,B,200
10:26:34,14.99,B,2300
10:26:34,14.99,B,2000
10:26:34,14.99,B,100
10:26:34,14.99,B,4400
10:26:34,14.99,B,500
10:26:34,14.99,B,800
10:26:34,14.99,B,2000
10:26:34,14.99,B,200
10:26:34,14.99,B,600
10:26:34,14.99,B,10000
10:26:34,15.0,B,100
10:26:34,15.0,B,8200
10:26:34,15.0,B,1100
10:26:34,15.0,B,300
10:26:34,15.0,B,1000
10:26:34,15.0,B,100
10:26:34,15.0,B,1000
10:26:34,15.0,B,3000
10:26:34,15.0,B,500
10:26:40,14.98,B,1000
10:26:42,14.98,B,200
10:26:42,14.97,S,400
10:26:43,14.98,B,300
10:26:43,14.98,B,200
10:26:50,14.98,B,200
10:27:03,14.97,S,600
10:27:03,14.97,S,500
10:27:03,14.97,S,1900
10:27:03,14.98,B,800
10:27:03,14.98,B,500
10:27:03,14.98,B,10000
10:27:03,14.98,B,200
10:27:03,14.98,B,900
10:27:04,14.99,B,100
10:27:04,14.99,B,900
10:27:06,14.98,S,600
10:27:06,14.98,S,600
10:27:06,14.98,S,5500
10:27:08,14.98,S,100
10:27:08,14.99,B,100
10:27:08,14.99,B,500
10:27:08,14.99,B,300
10:27:08,14.99,B,1300
10:27:08,14.99,B,200
10:27:08,14.99,B,400
10:27:13,14.98,S,1300
10:27:15,14.98,S,5500
10:27:20,14.99,B,1000
10:27:20,14.99,B,100
10:27:23,14.98,S,500
10:27:26,14.99,B,300
10:27:30,14.99,B,2300
10:27:30,14.98,S,5000
10:27:31,14.98,S,1000
10:27:37,14.98,S,4100
10:27:37,14.98,S,9800
10:27:37,14.98,S,1000
10:27:37,14.98,S,900
10:27:38,14.98,B,2300
10:27:42,14.98,B,1100
10:27:43,14.98,B,3000
10:27:52,14.98,B,1000
10:27:55,14.98,B,300
10:28:02,14.98,B,1600
10:28:09,14.98,B,4900
10:28:09,14.98,B,8000
10:28:09,14.98,B,100
10:28:09,14.98,B,1300
10:28:09,14.98,B,500
10:28:09,14.98,B,100
10:28:12,14.98,S,600
10:28:16,14.98,S,1500
10:28:25,14.98,S,10000
10:28:30,14.98,S,2500
10:28:32,14.98,S,1000
10:28:33,14.99,B,1700
10:28:42,14.99,B,2000
10:28:43,14.98,S,2800
10:28:43,14.98,S,3300
10:28:43,14.98,S,2000
10:28:43,14.98,S,900
10:28:43,14.98,S,1000
10:28:46,14.98,B,3000
10:28:46,14.99,B,2200
10:28:46,14.99,B,3000
10:28:46,14.99,B,200
10:28:46,14.99,B,600
10:28:51,14.98,B,400
10:28:53,14.97,S,3100
10:28:53,14.97,S,11900
10:28:55,14.97,S,400
10:28:59,14.98,B,600
10:29:08,14.97,S,600
10:29:08,14.97,S,500
10:29:13,14.98,B,1000
10:29:14,14.97,S,100
10:29:14,14.97,S,100
10:29:16,14.98,B,2000
10:29:16,14.98,B,1300
10:29:16,14.98,B,300
10:29:16,14.98,B,1400
10:29:18,14.97,S,2000
10:29:19,14.98,B,100
10:29:19,14.98,B,2100
10:29:19,14.98,B,700
10:29:19,14.98,B,2000
10:29:19,14.98,B,100
10:29:23,14.98,B,2400
10:29:23,14.98,B,600
10:29:23,14.98,B,300
10:29:24,14.97,S,200
10:29:31,14.97,S,500
10:29:33,14.97,S,3700
10:29:33,14.97,S,18500
10:29:34,14.97,S,1000
10:29:35,14.97,S,500
10:29:39,14.97,B,200
10:29:40,14.96,S,100
10:29:40,14.95,S,400
10:29:49,14.97,B,100
10:29:52,14.97,B,2300
10:29:52,14.97,B,500
10:29:52,14.97,B,200
10:29:55,14.97,B,300
10:29:55,14.97,B,200
10:29:56,14.97,S,300
10:29:57,14.97,S,5000
10:29:58,14.97,S,2700
10:30:03,14.97,B,100
10:30:15,14.97,B,500
10:30:20,14.97,B,100
10:30:22,14.96,S,9900
10:30:22,14.97,B,2000
10:30:25,14.96,S,1100
10:30:27,14.96,S,5600
10:30:27,14.96,S,4300
10:30:29,14.96,S,1300
10:30:30,14.96,S,4400
10:30:34,14.96,B,1600
10:30:34,14.96,B,20000
10:30:34,14.96,S,400
10:30:37,14.96,B,2100
10:30:37,14.96,S,1200
10:30:44,14.96,B,100
10:30:47,14.96,B,200
10:30:51,14.96,B,8400
10:30:51,14.96,B,300
10:30:51,14.96,B,700
10:30:51,14.96,B,1000
10:30:53,14.96,S,500
10:30:54,14.96,S,1000
10:31:00,14.96,S,300
10:31:04,14.96,S,9900
10:31:06,14.96,S,5000
10:31:07,14.96,S,300
10:31:09,14.96,S,1000
10:31:09,14.96,S,8200
10:31:09,14.96,S,300
10:31:19,14.96,B,1400
10:31:19,14.96,B,500
10:31:19,14.96,B,1800
10:31:39,14.96,B,200
10:31:39,14.96,B,1000
10:31:39,14.96,B,1000
10:31:39,14.96,B,1400
10:31:39,14.96,B,2400
10:31:45,14.96,B,5100
10:31:45,14.96,B,3000
10:31:45,14.96,B,15000
10:31:45,14.96,B,300
10:31:45,14.96,B,1000
10:31:50,14.96,S,2000
10:31:55,14.96,S,500
10:31:59,14.97,B,2600
10:31:59,14.97,B,1000
10:31:59,14.97,B,500
10:31:59,14.97,B,25610
10:31:59,14.97,B,4000
10:31:59,14.97,B,300
10:31:59,14.97,B,500
10:31:59,14.97,B,2000
10:31:59,14.97,B,1400
10:31:59,14.97,B,1000
10:31:59,14.97,B,1090
10:32:01,14.96,S,300
10:32:02,14.96,S,600
10:32:10,14.96,S,4600
10:32:12,14.97,B,510
10:32:12,14.97,B,1700
10:32:12,14.97,B,500
10:32:12,14.97,B,1000
10:32:12,14.97,B,200
10:32:12,14.97,B,100
10:32:16,14.97,S,2000
10:32:19,14.97,S,990
10:32:19,14.97,S,910
10:32:22,14.97,S,500
10:32:25,14.97,S,300
10:32:37,14.97,S,290
10:32:37,14.97,S,9610
10:32:39,14.97,S,5000
10:32:42,14.98,B,1000
10:32:42,14.98,B,3000
10:32:42,14.97,S,7390
10:32:42,14.97,S,500
10:32:42,14.97,S,500
10:33:00,14.97,B,900
10:33:14,14.97,B,100
10:33:20,14.97,B,510
10:33:20,14.97,B,1000
10:33:20,14.97,B,100
10:33:20,14.97,B,400
10:33:20,14.97,B,800
10:33:20,14.97,B,17190
10:33:25,14.97,B,32810
10:33:25,14.97,B,400
10:33:25,14.97,B,1500
10:33:25,14.98,B,1800
10:33:25,14.98,B,1000
10:33:25,14.98,B,100
10:33:25,14.98,B,2000
10:33:25,14.98,B,3000
10:33:25,14.98,B,500
10:33:25,14.98,B,500
10:33:25,14.98,B,300
10:33:25,14.98,B,1200
10:33:25,14.98,B,500
10:33:25,14.98,B,1600
10:33:25,14.98,B,1000
10:33:25,14.98,B,3000
10:33:25,14.98,B,1000
10:33:25,14.98,B,200
10:33:26,14.98,S,100
10:33:45,14.98,S,1000
10:33:49,14.99,B,3200
10:33:49,14.99,B,500
10:33:49,14.99,B,1000
10:33:49,14.99,B,6300
10:33:52,14.98,S,500
10:33:55,14.98,S,300
10:33:57,14.99,B,100
10:34:14,14.99,B,700
10:34:17,14.99,B,200
10:34:18,14.99,B,2000
10:34:21,14.98,S,7200
10:34:22,14.98,S,100
10:34:23,14.99,B,700
10:34:23,14.99,B,500
10:34:27,14.99,B,1000
10:34:27,14.99,B,200
10:34:28,14.99,B,1000
10:34:32,14.98,S,4390
10:34:32,14.98,S,3310
10:34:34,14.98,S,2000
10:34:37,14.98,S,8800
10:34:40,14.98,S,500
10:34:40,14.98,S,100
10:34:41,14.98,S,21890
10:34:41,14.98,S,2000
10:34:41,14.98,S,10000
10:34:44,14.98,B,300
10:34:49,14.98,B,100
10:34:55,14.98,B,1000
10:34:56,14.98,B,1800
10:34:57,14.98,B,200
10:34:57,14.98,B,1000
10:35:01,14.98,B,5410
10:35:01,14.98,B,200
10:35:01,14.98,B,2500
10:35:01,14.98,S,700
10:35:06,14.98,S,600
10:35:16,14.98,S,500
10:35:21,14.98,S,200
10:35:21,14.98,S,200
10:35:29,14.98,S,1000
10:35:30,14.98,S,10690
10:35:30,14.98,S,20000
10:35:30,14.98,S,1000
10:35:30,14.98,S,1000
10:35:33,14.98,B,910
10:35:33,14.99,B,100
10:35:33,14.99,B,300
10:35:33,14.99,B,700
10:35:33,14.99,B,1000
10:35:33,14.99,B,1500
10:35:33,14.99,B,2500
10:35:33,14.99,B,2500
10:35:33,14.99,B,1490
10:35:38,14.98,B,5000
10:35:38,14.99,B,2610
10:35:38,14.99,B,100
10:35:38,14.99,B,1000
10:35:38,14.99,B,1290
10:36:00,14.98,S,200
10:36:00,14.98,S,200
10:36:01,14.98,S,500
10:36:04,14.98,S,1300
10:36:04,14.98,S,900
10:36:10,14.98,B,6477
10:36:10,14.98,B,300
10:36:10,14.98,B,1000
10:36:10,14.98,B,2300
10:36:10,14.98,S,6600
10:36:14,14.99,B,900
10:36:20,14.98,S,1500
10:36:20,14.99,B,800
10:36:22,14.98,S,1000
10:36:25,14.98,S,823
10:36:35,14.98,B,177
10:36:35,14.98,B,323
10:36:43,14.98,B,177
10:36:43,14.98,B,323
10:36:47,14.98,B,100
10:36:52,14.98,B,900
10:37:07,14.97,S,1000
10:37:09,14.97,S,1200
10:37:12,14.98,B,177
10:37:12,14.98,B,423
10:37:13,14.98,B,1077
10:37:13,14.98,B,3000
10:37:13,14.98,B,5923
10:37:14,14.97,S,2800
10:37:14,14.97,S,300
10:37:14,14.97,S,3900
10:37:14,14.97,S,1400
10:37:14,14.97,S,600
10:37:14,14.97,S,900
10:37:19,14.97,S,1000
10:37:19,14.97,S,2500
10:37:19,14.97,S,6400
10:37:28,14.97,S,1000
10:37:32,14.97,S,10000
10:37:35,14.97,S,1000
10:37:37,14.97,S,1200
10:37:41,14.97,S,500
10:37:42,14.98,B,500
10:37:50,14.97,S,6400
10:37:52,14.97,S,600
10:37:52,14.97,S,100
10:37:55,14.97,S,100
10:38:02,14.97,S,800
10:38:04,14.97,S,1900
10:38:04,14.97,S,8100
10:38:05,14.97,S,21900
10:38:05,14.97,S,100
10:38:05,14.97,S,20000
10:38:05,14.97,S,900
10:38:13,14.97,B,600
10:38:16,14.97,B,1000
10:38:17,14.97,B,600
10:38:19,14.97,B,200
10:38:19,14.97,B,500
10:38:19,14.97,B,3300
10:38:22,14.96,S,300
10:38:25,14.97,B,6000
10:38:37,14.96,S,100
10:38:37,14.96,S,200
10:38:37,14.96,S,1800
10:38:37,14.96,S,100
10:38:37,14.96,S,500
10:38:37,14.96,S,1000
10:38:42,14.96,B,600
10:38:43,14.96,B,10000
10:38:47,14.96,B,400
10:38:53,14.96,B,800
10:38:53,14.96,B,100
10:38:54,14.95,S,500
10:38:56,14.95,S,2100
10:38:56,14.95,S,3900
10:38:59,14.96,B,200
10:38:59,14.96,B,6000
10:38:59,14.96,B,1000
10:38:59,14.96,B,5000
10:38:59,14.96,B,400
10:38:59,14.96,B,1000
10:38:59,14.96,B,200
10:39:01,14.96,S,200
10:39:12,14.97,B,500
10:39:21,14.97,B,4000
10:39:22,14.96,S,300
10:39:24,14.96,S,3000
10:39:25,14.97,B,300
10:39:29,14.96,S,900
10:39:34,14.97,B,1000
10:39:34,14.97,B,100
10:39:34,14.97,B,300
10:39:34,14.97,B,200
10:39:34,14.97,B,5000
10:39:39,14.96,S,5000
10:39:42,14.97,B,600
10:39:43,14.96,S,200
10:39:54,14.97,B,1300
10:40:09,14.96,S,5000
10:40:12,14.97,B,500
10:40:12,14.97,B,100
10:40:12,14.97,B,200
10:40:12,14.97,B,300
10:40:16,14.97,B,200
10:40:16,14.97,B,1000
10:40:17,14.96,S,7000
10:40:22,14.97,B,400
10:40:22,14.97,B,200
10:40:24,14.97,B,200
10:40:32,14.97,B,4800
10:40:33,14.97,B,4000
10:40:33,14.97,B,3000
10:40:34,14.97,B,2000
10:40:34,14.96,S,400
10:40:38,14.96,S,100
10:40:42,14.97,B,500
10:40:43,14.97,B,2000
10:40:45,14.97,B,10000
10:40:52,14.96,S,19100
10:40:52,14.96,S,20000
10:40:52,14.96,S,1200
10:40:52,14.96,S,16600
10:40:52,14.96,S,1000
10:40:53,14.96,B,1100
10:40:55,14.97,B,3000
10:40:55,14.96,S,700
10:40:55,14.95,S,600
10:40:55,14.95,S,2800
10:40:58,14.96,B,4000
10:40:58,14.97,B,2000
10:40:59,14.97,B,3000
10:41:02,14.95,S,25000
10:41:09,14.97,B,800
10:41:09,14.97,B,1200
10:41:13,14.96,B,600
10:41:19,14.96,B,500
10:41:21,14.96,B,700
10:41:21,14.96,B,2300
10:41:21,14.96,B,200
10:41:23,14.96,S,1700
10:41:26,14.96,S,10000
10:41:28,14.97,B,600
10:41:30,14.97,B,1400
10:41:30,14.97,B,500
10:41:30,14.98,B,4100
10:41:32,14.96,S,7500
10:41:37,14.97,S,2000
10:41:42,14.97,S,1000
10:41:42,14.96,S,2600
10:41:42,14.96,S,1100
10:41:42,14.98,B,600
10:41:45,14.98,B,3077
10:41:45,14.98,B,1400
10:41:45,14.98,B,1400
10:41:45,14.98,B,2000
10:41:45,14.98,B,2000
10:41:45,14.98,B,700
10:41:45,14.98,B,8800
10:41:45,14.98,B,300
10:41:45,14.98,B,323
10:41:47,14.96,S,1400
10:41:47,14.96,S,1400
10:41:47,14.96,S,700
10:41:59,14.96,S,1000
10:42:01,14.97,B,200
10:42:01,14.98,B,300
10:42:05,14.96,S,1600
10:42:05,14.96,S,400
10:42:09,14.97,S,100
10:42:09,14.97,S,1900
10:42:09,14.96,S,200
10:42:09,14.96,S,200
10:42:09,14.96,S,700
10:42:12,14.98,B,500
10:42:14,14.98,B,3000
10:42:26,14.97,S,100
10:42:28,14.97,S,3500
10:42:28,14.96,S,800
10:42:28,14.96,S,700
10:42:28,14.96,S,500
10:42:28,14.96,S,18500
10:42:34,14.98,B,3377
10:42:34,14.98,B,3000
10:42:34,14.98,B,300
10:42:34,14.98,B,100
10:42:34,14.98,B,1023
10:42:42,14.98,B,300
10:42:42,14.98,B,600
10:43:00,14.96,S,1500
10:43:00,14.96,S,500
10:43:00,14.96,S,5000
10:43:00,14.96,S,3000
10:43:04,14.97,B,400
10:43:12,14.96,S,100
10:43:12,14.97,B,100
10:43:12,14.97,B,400
10:43:20,14.96,S,300
10:43:20,14.97,B,300
10:43:27,14.97,S,200
10:43:27,14.97,S,20000
10:43:27,14.96,S,800
10:43:31,14.97,S,200
10:43:35,14.97,S,500
10:43:42,14.98,B,200
10:43:42,14.98,B,300
10:43:42,14.98,B,100
10:43:46,14.97,S,100
10:43:47,14.97,S,11061
10:43:48,14.98,B,100
10:43:55,14.97,S,300
10:44:12,14.98,B,600
10:44:13,14.97,S,1200
10:44:16,14.98,B,200
10:44:16,14.98,B,500
10:44:16,14.98,B,2300
10:44:16,14.98,B,300
10:44:16,14.98,B,700
10:44:16,14.97,S,6639
10:44:16,14.97,S,400
10:44:16,14.97,S,6400
10:44:16,14.97,S,1000
10:44:16,14.97,S,5561
10:44:21,14.97,S,1000
10:44:26,14.97,S,800
10:44:29,14.98,B,100
10:44:33,14.98,B,100
10:44:33,14.98,B,400
10:44:39,14.98,B,600
10:44:43,14.98,B,200
10:44:43,14.98,B,300
10:44:50,14.98,B,600
10:44:50,14.98,B,1100
10:45:06,14.98,B,1900
10:45:06,14.98,B,4400
10:45:06,14.98,B,3700
10:45:08,14.98,B,100
10:45:12,14.98,B,600
10:45:13,14.98,B,400
10:45:19,14.98,B,700
10:45:19,14.98,B,200
10:45:19,14.98,B,500
10:45:19,14.98,B,200
10:45:19,14.98,B,1000
10:45:19,14.98,B,900
10:45:19,14.98,B,600
10:45:19,14.98,B,200
10:45:28,14.98,S,700
10:45:32,14.98,B,100
10:45:39,14.99,B,200
10:45:42,14.99,B,200
10:45:42,14.99,B,400
10:45:44,14.98,S,14900
10:45:51,14.98,B,1000
10:45:52,14.98,B,5100
10:45:52,14.98,B,9000
10:45:53,14.98,S,400
10:45:55,14.98,S,5000
10:45:55,14.98,S,100
10:45:55,14.98,S,500
10:46:02,14.99,B,700
10:46:02,14.99,B,1000
10:46:02,14.99,B,600
10:46:02,14.99,B,1000
10:46:02,14.99,B,500
10:46:02,14.99,B,3000
10:46:02,14.99,B,2000
10:46:02,14.99,B,400
10:46:02,14.99,B,500
10:46:02,14.99,B,3000
10:46:02,14.99,B,500
10:46:02,14.99,B,2000
10:46:02,14.99,B,8900
10:46:02,14.99,B,1000
10:46:02,14.99,B,300
10:46:02,14.99,B,5000
10:46:02,14.99,B,500
10:46:02,14.99,B,400
10:46:02,14.99,B,200
10:46:02,14.99,B,2200
10:46:02,14.99,B,100
10:46:02,14.99,B,1000
10:46:02,14.99,B,200
10:46:09,14.99,S,1000
10:46:11,14.99,S,1000
10:46:12,15.0,B,500
10:46:14,14.99,S,200
10:46:16,14.99,S,500
10:46:16,14.99,S,500
10:46:42,15.0,B,300
10:46:42,15.0,B,100
10:46:42,15.0,B,200
10:46:44,14.99,S,2000
10:46:44,15.0,B,100
10:46:44,15.0,B,100
10:46:44,15.0,B,600
10:46:59,14.99,S,800
10:47:01,14.99,S,100
10:47:02,15.0,B,700
10:47:12,15.0,B,600
10:47:15,15.0,B,100
10:47:15,15.0,B,300
10:47:25,15.0,B,500
10:47:33,15.0,B,200
10:47:33,15.0,B,200
10:47:33,15.0,B,4000
10:47:33,15.0,B,200
10:47:33,15.0,B,1400
10:47:34,15.0,B,600
10:47:36,14.99,S,1500
10:47:38,14.99,S,1500
10:47:41,15.0,B,8000
10:47:41,15.0,B,8600
10:47:42,15.0,B,500
10:47:43,15.0,B,300
10:47:44,15.0,B,100
10:47:47,15.0,B,500
10:47:58,15.0,B,900
10:47:59,14.99,S,200
10:48:00,14.99,S,5000
10:48:00,15.0,B,3400
10:48:00,15.0,B,1000
10:48:00,15.0,B,2000
10:48:00,15.0,B,900
10:48:00,15.0,B,400
10:48:00,15.0,B,200
10:48:00,15.0,B,2000
10:48:00,15.0,B,1400
10:48:00,15.0,B,1000
10:48:00,15.0,B,1500
10:48:00,15.0,B,100
10:48:00,15.0,B,5000
10:48:00,15.0,B,1000
10:48:00,15.0,B,1500
10:48:00,15.0,B,5500
10:48:00,15.0,B,1000
10:48:00,15.0,B,500
10:48:00,15.0,B,1000
10:48:00,15.0,B,100
10:48:00,15.0,B,10000
10:48:00,15.0,B,300
10:48:00,15.0,B,500
10:48:00,15.0,B,1000
10:48:00,15.0,B,1000
10:48:00,15.0,B,900
10:48:00,15.0,B,200
10:48:00,15.0,B,200
10:48:00,15.0,B,800
10:48:00,15.0,B,1000
10:48:00,15.0,B,500
10:48:00,15.0,B,300
10:48:00,15.0,B,1000
10:48:00,15.0,B,4000
10:48:00,15.0,B,800
10:48:00,15.0,B,500
10:48:00,15.0,B,800
10:48:00,15.0,B,1700
10:48:00,15.0,B,1000
10:48:00,15.0,B,600
10:48:00,15.0,B,100
10:48:00,15.0,B,3800
10:48:00,15.0,B,2000
10:48:00,15.0,B,200
10:48:00,15.0,B,500
10:48:00,15.0,B,800
10:48:00,15.0,B,1000
10:48:00,15.0,B,3500
10:48:00,15.0,B,200
10:48:01,15.0,S,10000
10:48:09,15.01,B,2400
10:48:09,15.01,B,12600
10:48:09,15.0,S,1000
10:48:10,15.0,S,100
10:48:12,15.01,B,600
10:48:13,15.0,S,100
10:48:16,15.0,S,1000
10:48:19,15.01,B,1000
10:48:22,15.01,B,400
10:48:25,15.0,S,500
10:48:26,15.01,B,200
10:48:32,15.01,B,1100
10:48:34,15.01,B,32100
10:48:34,15.01,B,200
10:48:34,15.01,B,3100
10:48:35,15.01,S,5000
10:48:38,15.01,S,2300
10:48:42,15.02,B,500
10:48:44,15.01,S,2000
10:48:47,15.02,B,1500
10:48:47,15.02,B,600
10:48:47,15.02,B,500
10:48:47,15.02,B,1000
10:48:47,15.02,B,900
10:48:47,15.02,B,300
10:48:50,15.01,S,500
10:48:52,15.02,B,700
10:48:52,15.02,B,300
10:48:56,15.02,B,200
10:49:01,15.02,B,100
10:49:01,15.02,B,200
10:49:02,15.01,S,14800
10:49:02,15.01,S,9200
10:49:02,15.01,S,500
10:49:09,15.01,B,5800
10:49:09,15.01,B,300
10:49:12,15.01,B,600
10:49:19,15.01,B,900
10:49:19,15.01,B,100
10:49:26,15.0,S,900
10:49:29,15.01,B,200
10:49:29,15.01,B,500
10:49:31,15.0,S,700
10:49:32,15.0,S,2000
10:49:35,15.0,S,100
10:49:38,15.01,B,3000
10:49:40,15.0,S,2000
10:49:40,15.0,S,100
10:49:41,15.0,S,700
10:49:42,15.01,B,600
10:49:44,15.0,S,500
10:49:45,15.01,B,500
10:49:51,15.0,S,5000
10:49:52,15.0,S,100
10:49:52,15.0,S,200
10:49:53,15.0,S,300
10:49:55,15.0,S,3200
10:49:58,15.0,S,100
10:50:10,15.0,S,1000
10:50:11,15.0,S,300
10:50:13,15.01,B,500
10:50:13,15.0,S,100
10:50:14,15.01,B,2000
10:50:16,15.0,S,200
10:50:17,15.0,S,1300
10:50:17,15.01,B,2900
10:50:17,15.01,B,200
10:50:17,15.01,B,6900
10:50:19,15.0,S,2000
10:50:22,15.0,S,100
10:50:22,15.0,S,100
10:50:25,15.0,S,600
10:50:26,15.01,B,800
10:50:31,15.0,S,1300
10:50:36,15.0,S,15700
10:50:36,15.0,S,100
10:50:36,15.0,S,100
10:50:36,15.0,S,2742
10:50:36,15.0,S,2258
10:50:36,15.0,S,300
10:50:36,15.0,S,5342
10:50:37,15.0,S,1500
10:50:38,15.0,S,1300
10:50:42,15.01,B,600
10:50:44,15.0,S,1358
10:50:44,15.0,S,100
10:50:53,15.0,B,3200
10:50:59,14.99,S,100
10:50:59,14.99,S,900
10:51:05,15.0,B,2908
10:51:05,15.0,B,1000
10:51:05,15.0,B,1000
10:51:05,15.0,B,92
10:51:06,15.0,B,300
10:51:13,15.0,B,108
10:51:13,15.0,B,300
10:51:13,15.0,B,192
10:51:20,15.0,B,8
10:51:21,15.0,S,100
10:51:30,15.0,S,192
10:51:30,15.0,S,1808
10:51:30,15.0,S,400
10:51:42,15.01,B,500
10:52:00,15.01,B,1200
10:52:00,15.01,B,900
10:52:00,15.01,B,2000
10:52:00,15.01,B,500
10:52:00,15.01,B,1400
10:52:03,15.0,S,792
10:52:03,15.0,S,200
10:52:03,15.0,S,8
10:52:07,15.0,S,200
10:52:09,15.01,B,8600
10:52:09,15.01,B,1000
10:52:09,15.01,B,400
10:52:09,15.01,B,1000
10:52:09,15.01,B,300
10:52:09,15.01,B,200
10:52:09,15.01,B,1100
10:52:10,15.01,B,1300
10:52:13,15.01,B,600
10:52:14,15.0,S,392
10:52:14,15.0,S,8
10:52:15,15.01,B,600
10:52:15,15.01,B,300
10:52:15,15.01,B,1000
10:52:15,15.01,B,100
10:52:18,15.0,S,300
10:52:21,15.01,B,900
10:52:21,15.01,B,1100
10:52:26,15.0,S,500
10:52:28,15.0,S,192
10:52:43,15.0,B,600
10:52:56,15.0,B,3208
10:52:56,15.0,B,392
10:53:00,15.0,B,608
10:53:00,15.0,B,200
10:53:00,15.0,B,192
10:53:11,14.99,S,300
10:53:11,14.99,S,300
10:53:12,15.0,B,500
10:53:14,15.0,B,4000
10:53:21,15.0,B,400
10:53:28,15.0,B,100
10:53:31,15.0,B,708
10:53:31,15.0,B,1000
10:53:31,15.0,B,1000
10:53:31,15.01,B,300
10:53:31,15.01,B,1000
10:53:31,15.01,B,100
10:53:31,15.01,B,500
10:53:31,15.01,B,100
10:53:31,15.01,B,500
10:53:31,15.01,B,792
10:53:42,15.01,B,600
10:54:00,15.01,B,3608
10:54:00,15.01,B,2000
10:54:00,15.01,B,100
10:54:00,15.01,B,292
10:54:03,15.0,S,100
10:54:11,15.02,B,200
10:54:11,15.02,B,100
10:54:11,15.02,B,200
10:54:12,15.02,B,600
10:54:17,15.0,S,100
10:54:17,15.0,S,900
10:54:18,15.0,S,2000
10:54:20,15.0,S,100
10:54:20,15.0,S,1000
10:54:20,15.0,S,400
10:54:20,15.0,S,300
10:54:33,15.0,B,1100
10:54:33,15.0,B,100
10:54:33,15.0,B,200
10:54:33,15.0,B,300
10:54:41,15.0,S,2000
10:54:42,15.01,B,500
10:54:46,15.01,B,2400
10:54:48,15.0,S,100
10:54:56,15.0,S,300
10:54:56,15.0,S,200
10:54:59,15.0,S,500
10:55:05,15.01,B,100
10:55:08,15.01,S,300
10:55:12,15.01,S,500
10:55:12,15.02,B,600
10:55:32,15.02,B,5000
10:55:36,15.01,S,200
10:55:42,15.02,B,500
10:55:45,15.01,S,700
10:55:45,15.01,S,100
10:55:54,15.02,B,1700
10:55:59,15.02,B,1500
10:56:01,15.02,B,15500
10:56:01,15.02,B,400
10:56:01,15.02,B,2000
10:56:01,15.02,B,1500
10:56:01,15.02,B,1200
10:56:01,15.02,B,400
10:56:01,15.02,B,100
10:56:01,15.02,B,3000
10:56:01,15.02,B,1000
10:56:01,15.02,B,100
10:56:01,15.02,B,200
10:56:12,15.03,B,600
10:56:18,15.03,B,300
10:56:18,15.03,B,600
10:56:18,15.03,B,300
10:56:27,15.02,S,100
10:56:28,15.03,B,500
10:56:28,15.03,B,300
10:56:28,15.03,B,500
10:56:28,15.03,B,100
10:56:28,15.03,B,200
10:56:28,15.03,B,1200
10:56:28,15.03,B,2000
10:56:28,15.03,B,1000
10:56:28,15.03,B,1000
10:56:28,15.03,B,200
10:56:28,15.03,B,100
10:56:28,15.03,B,200
10:56:31,15.04,B,500
10:56:33,15.04,B,900
10:56:33,15.04,B,1100
10:56:41,15.03,S,300
10:56:42,15.04,B,600
10:56:58,15.04,B,800
10:56:58,15.04,B,12600
10:56:58,15.04,B,3000
10:56:58,15.04,B,100
10:56:58,15.04,B,2000
10:56:58,15.04,B,500
10:56:58,15.04,B,700
10:56:58,15.04,B,5000
10:56:58,15.04,B,100
10:56:58,15.04,B,600
10:56:58,15.04,B,100
10:56:58,15.05,B,1000
10:56:58,15.05,B,1000
10:56:58,15.05,B,300
10:56:58,15.05,B,2000
10:56:58,15.05,B,3000
10:56:58,15.05,B,1000
10:56:58,15.05,B,200
10:56:58,15.05,B,200
10:56:58,15.05,B,2000
10:56:58,15.05,B,1000
10:56:58,15.05,B,500
10:56:58,15.05,B,500
10:56:58,15.05,B,500
10:56:58,15.05,B,5600
10:56:58,15.05,B,1000
10:56:58,15.05,B,300
10:56:58,15.05,B,400
10:56:58,15.05,B,600
10:56:58,15.05,B,700
10:56:58,15.05,B,500
10:56:58,15.05,B,400
10:56:58,15.05,S,4000
10:56:59,15.05,S,10000
10:57:06,15.05,S,1000
10:57:08,15.05,S,2800
10:57:08,15.04,S,1900
10:57:12,15.04,B,1500
10:57:12,15.04,B,500
10:57:16,15.04,B,300
10:57:16,15.05,B,200
10:57:27,15.06,B,400
10:57:27,15.06,B,400
10:57:27,15.06,B,2300
10:57:27,15.06,B,3000
10:57:27,15.06,B,100
10:57:27,15.06,B,500
10:57:27,15.06,B,1700
10:57:27,15.06,B,5000
10:57:36,15.06,S,500
10:57:39,15.07,B,100
10:57:42,15.07,B,200
10:57:42,15.07,B,400
10:57:45,15.06,S,200
10:57:48,15.07,B,100
10:57:55,15.06,S,3000
10:58:01,15.06,S,12900
10:58:01,15.06,S,2000
10:58:04,15.06,B,4000
10:58:07,15.06,B,500
10:58:11,15.05,S,1900
10:58:11,15.05,S,300
10:58:12,15.06,B,600
10:58:15,15.06,B,500
10:58:19,15.06,B,400
10:58:21,15.05,S,700
10:58:21,15.06,B,4600
10:58:23,15.05,S,2200
10:58:27,15.06,B,2000
10:58:27,15.05,S,1800
10:58:27,15.05,S,3200
10:58:28,15.05,S,2200
10:58:28,15.05,S,700
10:58:29,15.05,S,2000
10:58:31,15.05,S,2800
10:58:31,15.05,S,500
10:58:35,15.06,B,6600
10:58:42,15.06,B,500
10:58:42,15.06,B,500
10:58:45,15.05,S,6400
10:58:46,15.05,S,1000
10:58:47,15.05,S,500
10:58:47,15.05,S,400
10:58:47,15.05,S,200
10:58:50,15.05,S,10
10:58:55,15.05,S,90
10:58:55,15.05,S,210
10:58:59,15.05,S,790
10:58:59,15.05,S,210
10:59:02,15.05,S,500
10:59:02,15.05,S,500
10:59:02,15.05,S,1000
10:59:03,15.05,S,1900
10:59:03,15.05,S,1790
10:59:04,15.04,S,1200
10:59:04,15.04,S,1000
10:59:04,15.04,S,300
10:59:04,15.04,S,300
10:59:04,15.04,S,100
10:59:05,15.05,B,1400
10:59:05,15.05,B,10610
10:59:07,15.05,S,7600
10:59:09,15.05,S,100
10:59:10,15.05,S,900
10:59:13,15.06,B,600
10:59:14,15.06,B,1600
10:59:20,15.05,S,10790
10:59:21,15.05,B,1200
10:59:43,15.04,B,600
10:59:46,15.04,B,300
10:59:50,15.04,B,200
10:59:53,15.04,B,900
10:59:53,15.04,B,200
11:00:03,15.04,B,800
11:00:03,15.04,B,500
11:00:03,15.05,B,8700
11:00:05,15.05,B,2510
11:00:05,15.05,B,500
11:00:05,15.05,B,3100
11:00:05,15.05,B,600
11:00:05,15.05,B,1000
11:00:05,15.05,B,1500
11:00:05,15.05,B,400
11:00:05,15.05,B,390
11:00:12,15.05,B,500
11:00:20,15.03,S,400
11:00:24,15.04,B,200
11:00:30,15.03,S,5300
11:00:30,15.03,S,12000
11:00:30,15.03,S,100
11:00:30,15.03,S,500
11:00:30,15.03,S,2000
11:00:30,15.03,S,16600
11:00:30,15.03,S,1000
11:00:30,15.03,S,1200
11:00:42,15.03,B,600
11:00:45,15.03,B,500
11:00:46,15.03,B,800
11:00:48,15.03,B,800
11:00:49,15.03,B,1200
11:00:59,15.03,B,1000
11:01:04,15.03,B,3000
11:01:09,15.02,S,400
11:01:09,15.02,S,600
11:01:10,15.03,B,100
11:01:12,15.03,B,500
11:01:18,15.03,B,200
11:01:20,15.03,B,1000
11:01:21,15.03,B,1600
11:01:21,15.03,B,1000
11:01:21,15.03,B,300
11:01:21,15.03,B,200
11:01:21,15.03,S,1000
11:01:27,15.03,S,900
11:01:38,15.03,B,600
11:01:38,15.03,S,300
11:01:40,15.03,S,1200
11:01:43,15.04,B,600
11:01:43,15.03,S,5000
11:01:44,15.04,B,200
11:01:44,15.04,B,400
11:01:45,15.04,B,3600
11:01:45,15.04,B,200
11:01:45,15.04,B,100
11:01:45,15.04,B,200
11:01:45,15.04,B,1500
11:01:45,15.05,B,8100
11:01:51,15.03,S,200
11:01:55,15.03,S,400
11:01:58,15.03,S,1000
11:02:05,15.03,S,500
11:02:08,15.04,B,200
11:02:08,15.04,B,2000
11:02:08,15.04,B,900
11:02:08,15.05,B,3010
11:02:08,15.05,B,2800
11:02:08,15.05,B,500
11:02:08,15.05,B,590
11:02:12,15.04,B,100
11:02:12,15.05,B,410
11:02:12,15.05,B,90
11:02:13,15.05,B,610
11:02:13,15.05,B,1100
11:02:13,15.05,B,3300
11:02:13,15.05,B,2000
11:02:13,15.05,B,300
11:02:23,15.05,S,5000
11:02:28,15.05,S,600
11:02:33,15.05,S,900
11:02:37,15.05,S,1000
11:02:38,15.05,S,2000
11:02:39,15.05,S,600
11:02:40,15.05,S,9000
11:02:42,15.06,B,500
11:02:50,15.05,S,9400
11:02:51,15.06,B,2900
11:02:51,15.06,B,200
11:02:51,15.06,B,300
11:02:51,15.06,B,200
11:02:51,15.06,B,1300
11:02:51,15.06,B,1700
11:03:04,15.05,S,500
11:03:09,15.05,S,290
11:03:09,15.05,S,210
11:03:12,15.06,B,600
11:03:16,15.05,S,100
11:03:17,15.05,S,5000
11:03:26,15.05,S,100
11:03:33,15.05,S,300
11:03:37,15.05,S,1000
11:03:40,15.06,B,1000
11:03:41,15.05,S,3000
11:03:42,15.06,B,600
11:03:47,15.05,S,500
11:03:47,15.05,S,5500
11:03:50,15.05,S,4290
11:03:50,15.05,S,10710
11:03:52,15.05,S,2000
11:03:53,15.05,S,400
11:03:55,15.05,S,100
11:03:55,15.05,S,500
11:03:56,15.05,S,2890
11:03:56,15.05,S,110
11:03:56,15.05,S,1500
11:03:58,15.05,S,790
11:03:58,15.05,S,3210
11:03:59,15.05,S,100
11:04:00,15.05,S,5500
11:04:01,15.05,S,200
11:04:05,15.05,S,100
11:04:08,15.05,S,60000
11:04:10,15.06,B,300
11:04:11,15.05,S,1800
11:04:13,15.06,B,500
11:04:14,15.05,S,100
11:04:20,15.05,S,1000
11:04:21,15.05,S,300
11:04:23,15.05,S,500
11:04:26,15.05,S,2000
11:04:26,15.05,S,100
11:04:26,15.05,S,500
11:04:29,15.05,S,500
11:04:29,15.05,S,1000
11:04:31,15.05,S,100
11:04:32,15.05,S,2000
11:04:32,15.05,S,500
11:04:33,15.05,S,1000
11:04:35,15.05,S,6000
11:04:42,15.06,B,300
11:04:42,15.06,B,300
11:04:43,15.05,S,10000
11:04:46,15.05,S,2590
11:04:46,15.05,S,910
11:04:48,15.05,S,2000
11:04:50,15.05,S,590
11:04:50,15.05,S,100
11:04:54,15.05,B,710
11:04:54,15.05,B,800
11:04:54,15.05,B,800
11:04:54,15.05,B,300
11:04:54,15.06,B,390
11:04:57,15.06,B,3310
11:04:57,15.06,B,1000
11:04:57,15.06,B,590
11:05:06,15.05,B,300
11:05:10,15.04,S,1000
11:05:12,15.05,B,600
11:05:15,15.05,B,100
11:05:15,15.05,B,2000
11:05:15,15.05,B,400
11:05:15,15.06,B,500
11:05:15,15.06,B,3310
11:05:15,15.06,B,900
11:05:15,15.06,B,2390
11:05:22,15.04,S,100
11:05:34,15.04,S,700
11:05:34,15.04,S,300
11:05:35,15.04,S,1000
11:05:37,15.04,S,500
11:05:37,15.04,S,300
11:05:38,15.05,B,6300
11:05:38,15.05,B,1000
11:05:38,15.05,B,2000
11:05:39,15.05,S,400
11:05:40,15.05,S,200
11:05:42,15.05,S,600
11:05:42,15.06,B,500
11:05:45,15.05,S,600
11:05:47,15.06,B,3110
11:05:47,15.06,B,1000
11:05:47,15.06,B,2000
11:05:47,15.06,B,500
11:05:47,15.06,B,600
11:05:47,15.06,B,500
11:05:47,15.06,B,4000
11:05:47,15.06,B,5500
11:05:47,15.06,B,300
11:05:47,15.06,B,500
11:05:47,15.06,B,900
11:05:47,15.06,B,1090
11:05:49,15.05,S,5000
11:05:52,15.05,S,3100
11:05:53,15.06,B,1410
11:05:53,15.06,B,100
11:05:53,15.06,B,500
11:05:53,15.06,B,500
11:05:53,15.06,B,2000
11:05:53,15.06,B,100
11:05:53,15.06,B,3000
11:05:53,15.06,B,1000
11:05:56,15.06,S,500
11:05:59,15.06,S,1200
11:06:02,15.06,S,2900
11:06:05,15.06,S,1000
11:06:06,15.06,S,6000
11:06:11,15.06,S,1790
11:06:11,15.06,S,100
11:06:12,15.06,B,600
11:06:14,15.06,B,2510
11:06:14,15.06,B,1000
11:06:14,15.07,B,790
11:06:35,15.06,B,500
11:06:35,15.06,B,1300
11:06:35,15.06,B,2200
11:06:35,15.06,B,300
11:06:35,15.06,B,100
11:06:35,15.06,B,300
11:06:35,15.06,B,1300
11:06:38,15.06,B,1000
11:06:40,15.05,S,1500
11:06:42,15.06,B,500
11:06:50,15.05,S,100
11:06:58,15.06,B,500
11:06:58,15.06,B,200
11:06:59,15.05,S,5000
11:07:09,15.05,S,1000
11:07:12,15.06,B,500
11:07:12,15.06,B,300
11:07:12,15.06,B,300
11:07:13,15.06,B,3200
11:07:13,15.06,B,1000
11:07:13,15.06,B,500
11:07:13,15.06,B,1000
11:07:13,15.06,B,100
11:07:13,15.06,B,200
11:07:22,15.06,B,600
11:07:22,15.06,B,200
11:07:22,15.06,B,1000
11:07:22,15.07,B,710
11:07:22,15.07,B,500
11:07:22,15.07,B,4000
11:07:22,15.07,B,100
11:07:22,15.07,B,600
11:07:22,15.07,B,1500
11:07:22,15.07,B,5000
11:07:22,15.07,B,700
11:07:22,15.07,B,3100
11:07:22,15.07,B,1990
11:07:29,15.06,B,200
11:07:29,15.06,B,300
11:07:29,15.06,B,500
11:07:32,15.06,S,500
11:07:42,15.07,B,510
11:07:42,15.07,B,100
11:07:42,15.07,B,100
11:07:42,15.07,B,1000
11:07:42,15.07,B,700
11:07:42,15.07,B,1000
11:07:42,15.07,B,2000
11:07:42,15.07,B,200
11:07:42,15.07,B,300
11:07:42,15.07,B,1000
11:07:42,15.07,B,600
11:07:42,15.07,B,4400
11:07:42,15.07,B,2000
11:07:42,15.07,B,1000
11:07:42,15.07,B,5090
11:07:42,15.07,B,600
11:07:43,15.06,S,1000
11:07:48,15.07,B,4310
11:07:48,15.07,B,690
11:07:48,15.07,B,610
11:07:48,15.07,B,100
11:07:50,15.08,B,1000
11:07:50,15.08,B,200
11:07:50,15.08,B,4800
11:07:51,15.07,S,1000
11:07:59,15.07,S,200
11:08:02,15.07,S,600
11:08:07,15.07,S,500
11:08:08,15.07,S,1000
11:08:11,15.08,B,4000
11:08:12,15.08,B,500
11:08:13,15.08,B,100
11:08:13,15.08,B,100
11:08:13,15.08,B,100
11:08:16,15.07,S,200
11:08:17,15.08,B,100
11:08:18,15.08,B,10000
11:08:18,15.08,B,1000
11:08:18,15.08,B,1000
11:08:18,15.08,B,3000
11:08:18,15.08,B,1900
11:08:18,15.08,B,1300
11:08:18,15.08,B,3800
11:08:18,15.08,B,100
11:08:20,15.07,S,300
11:08:20,15.07,S,5490
11:08:20,15.07,S,20000
11:08:20,15.07,S,600
11:08:20,15.07,B,100
11:08:20,15.07,B,100
11:08:21,15.07,B,100
11:08:21,15.07,B,100
11:08:22,15.07,B,6000
11:08:23,15.07,B,100
11:08:23,15.07,B,100
11:08:24,15.07,B,7000
11:08:26,15.06,S,1000
11:08:26,15.07,B,100
11:08:26,15.07,B,100
11:08:29,15.07,B,100
11:08:29,15.07,B,100
11:08:33,15.07,B,100
11:08:33,15.07,B,100
11:08:33,15.07,B,100
11:08:33,15.07,B,100
11:08:33,15.07,B,5900
11:08:35,15.07,B,1000
11:08:39,15.07,B,100
11:08:39,15.07,B,100
11:08:41,15.07,B,7610
11:08:41,15.07,B,300
11:08:41,15.07,B,200
11:08:41,15.07,B,300
11:08:41,15.07,B,1590
11:08:41,15.07,B,100
11:08:41,15.07,B,100
11:08:42,15.07,B,600
11:08:43,15.06,S,500
11:08:43,15.07,B,100
11:08:44,15.07,B,100
11:08:46,15.07,B,1200
11:08:47,15.07,B,910
11:08:47,15.07,B,1000
11:08:47,15.07,B,100
11:08:48,15.08,B,100
11:08:48,15.08,B,100
11:08:49,15.07,S,1790
11:08:49,15.06,S,410
11:08:49,15.08,B,100
11:08:49,15.08,B,100
11:08:53,15.08,B,100
11:08:53,15.08,B,100
11:08:56,15.07,S,3100
11:08:57,15.08,B,100
11:08:57,15.08,B,100
11:08:58,15.08,B,100
11:08:58,15.08,B,100
11:09:04,15.08,B,100
11:09:04,15.08,B,100
11:09:05,15.08,B,100
11:09:05,15.08,B,100
11:09:10,15.08,B,100
11:09:11,15.08,B,12200
11:09:11,15.08,B,100
11:09:11,15.08,B,100
11:09:12,15.08,B,100
11:09:12,15.08,B,6600
11:09:12,15.08,B,600
11:09:15,15.08,B,100
11:09:15,15.08,B,100
11:09:16,15.08,B,100
11:09:16,15.08,B,100
11:09:17,15.08,B,4500
11:09:17,15.08,B,500
11:09:17,15.08,B,100
11:09:17,15.08,B,100
11:09:17,15.08,B,1400
11:09:18,15.08,B,600
11:09:20,15.08,B,100
11:09:20,15.08,B,100
11:09:20,15.07,S,3000
11:09:20,15.08,B,100
11:09:22,15.07,S,4700
11:09:24,15.08,B,200
11:09:24,15.08,B,200
11:09:24,15.08,B,100
11:09:24,15.08,B,100
11:09:26,15.08,B,100
11:09:28,15.08,B,100
11:09:28,15.08,B,100
11:09:28,15.08,B,1900
11:09:29,15.08,B,1100
11:09:29,15.08,B,400
11:09:29,15.08,B,100
11:09:29,15.08,B,400
11:09:29,15.08,B,500
11:09:29,15.08,B,200
11:09:29,15.08,B,3000
11:09:29,15.09,B,600
11:09:29,15.09,B,200
11:09:29,15.09,B,1000
11:09:29,15.09,B,600
11:09:29,15.09,B,100
11:09:30,15.09,B,100
11:09:31,15.09,B,100
11:09:35,15.09,B,100
11:09:37,15.08,S,6000
11:09:37,15.08,S,900
11:09:37,15.07,S,31400
11:09:37,15.07,S,400
11:09:37,15.06,S,10590
11:09:37,15.06,S,1000
11:09:37,15.06,S,1000
11:09:38,15.06,B,100
11:09:38,15.06,B,500
11:09:41,15.06,B,26600
11:09:41,15.06,B,100
11:09:42,15.06,B,500
11:09:43,15.06,B,600
11:09:44,15.06,B,100
11:09:45,15.06,B,39400
11:09:46,15.06,B,26600
11:09:47,15.06,B,1262
11:09:49,15.08,B,100
11:09:49,15.08,B,100
11:09:51,15.08,B,100
11:09:53,15.08,B,100
11:09:56,15.08,B,100
11:09:56,15.08,B,100
11:09:59,15.08,B,100
11:10:03,15.08,B,100
11:10:03,15.08,B,100
11:10:03,15.08,B,100
11:10:07,15.08,B,100
11:10:09,15.08,B,100
11:10:09,15.08,B,100
11:10:11,15.08,B,1000
11:10:12,15.08,B,400
11:10:12,15.08,B,200
11:10:14,15.08,B,3200
11:10:15,15.08,B,100
11:10:15,15.08,B,100
11:10:17,15.08,B,100
11:10:18,15.08,B,300
11:10:18,15.08,B,1700
11:10:22,15.08,B,2700
11:10:22,15.08,B,1300
11:10:24,15.08,B,1800
11:10:24,15.08,B,500
11:10:24,15.08,B,400
11:10:24,15.08,B,200
11:10:26,15.08,S,1000
11:10:34,15.09,B,100
11:10:34,15.09,B,1500
11:10:38,15.09,B,500
11:10:38,15.09,B,2000
11:10:38,15.09,B,1000
11:10:38,15.09,B,500
11:10:38,15.09,B,500
11:10:38,15.09,B,1000
11:10:38,15.09,B,100
11:10:38,15.09,B,800
11:10:38,15.09,B,1100
11:10:38,15.09,B,600
11:10:38,15.09,B,1000
11:10:38,15.09,B,400
11:10:38,15.09,B,200
11:10:38,15.09,B,1000
11:10:38,15.09,B,4400
11:10:38,15.09,B,1500
11:10:38,15.09,S,1000
11:10:39,15.09,S,400
11:10:42,15.1,B,100
11:10:42,15.1,B,500
11:10:43,15.09,S,500
11:10:46,15.09,S,200
11:10:48,15.09,S,900
11:10:48,15.09,S,2000
11:10:53,15.09,S,300
11:10:56,15.09,S,200
11:10:58,15.09,S,1100
11:11:05,15.1,B,2900
11:11:07,15.1,B,100
11:11:07,15.1,B,100
11:11:07,15.1,B,1400
11:11:07,15.1,B,200
11:11:07,15.1,B,1600
11:11:09,15.09,S,100
11:11:11,15.09,S,100
11:11:12,15.09,S,500
11:11:12,15.1,B,400
11:11:12,15.1,B,100
11:11:19,15.1,B,4100
11:11:20,15.09,S,4200
11:11:21,15.09,S,1500
11:11:25,15.1,B,1000
11:11:27,15.1,B,1000
11:11:28,15.09,S,4400
11:11:29,15.1,B,100
11:11:29,15.1,B,300
11:11:30,15.1,B,800
11:11:30,15.1,B,1000
11:11:30,15.1,B,200
11:11:33,15.1,B,1200
11:11:33,15.1,B,1300
11:11:33,15.1,B,300
11:11:33,15.1,B,200
11:11:35,15.1,B,100
11:11:35,15.1,B,500
11:11:35,15.1,B,1000
11:11:35,15.1,B,500
11:11:35,15.1,B,1000
11:11:35,15.1,B,2000
11:11:35,15.1,B,1800
11:11:36,15.09,S,600
11:11:36,15.09,S,4300
11:11:36,15.09,S,1700
11:11:39,15.1,B,3200
11:11:39,15.1,B,100
11:11:42,15.1,B,100
11:11:42,15.1,B,500
11:11:44,15.09,S,200
11:11:49,15.09,S,1000
11:11:51,15.1,B,400
11:11:54,15.1,B,500
11:11:55,15.1,B,100
11:11:55,15.1,B,400
11:11:56,15.1,B,3300
11:11:58,15.1,B,200
11:12:05,15.1,B,100
11:12:05,15.1,B,400
11:12:08,15.1,B,100
11:12:08,15.1,B,2000
11:12:08,15.1,B,100
11:12:08,15.1,B,200
11:12:08,15.1,B,800
11:12:09,15.09,S,1000
11:12:12,15.1,B,600
11:12:13,15.1,B,3600
11:12:13,15.1,B,500
11:12:14,15.09,S,1500
11:12:18,15.1,B,3500
11:12:21,15.1,B,6000
11:12:21,15.1,B,200
11:12:21,15.1,B,1000
11:12:21,15.1,B,500
11:12:21,15.1,B,400
11:12:21,15.1,B,1900
11:12:22,15.1,B,200
11:12:25,15.09,S,500
11:12:25,15.1,B,900
11:12:25,15.1,B,4100
11:12:25,15.1,B,1000
11:12:26,15.1,B,2200
11:12:29,15.1,B,200
11:12:29,15.1,B,100
11:12:32,15.1,B,100
11:12:32,15.1,B,1500
11:12:32,15.1,B,300
11:12:32,15.1,B,300
11:12:34,15.09,S,15200
11:12:34,15.09,S,2000
11:12:34,15.09,S,100
11:12:34,15.09,S,1100
11:12:40,15.09,B,1600
11:12:40,15.09,B,500
11:12:42,15.1,B,500
11:12:49,15.09,S,500
11:12:54,15.1,B,500
11:12:55,15.1,B,200
11:12:59,15.1,B,5000
11:13:02,15.1,B,500
11:13:02,15.1,B,300
11:13:02,15.1,B,1000
11:13:02,15.1,B,600
11:13:02,15.1,B,500
11:13:02,15.1,B,300
11:13:02,15.1,B,100
11:13:04,15.11,B,500
11:13:04,15.11,B,3000
11:13:04,15.11,B,7600
11:13:04,15.11,B,300
11:13:04,15.11,B,4400
11:13:04,15.11,B,200
11:13:04,15.11,B,2000
11:13:04,15.11,B,100
11:13:04,15.11,B,500
11:13:04,15.12,B,800
11:13:04,15.12,B,200
11:13:04,15.12,B,500
11:13:04,15.12,B,1200
11:13:04,15.12,B,500
11:13:04,15.12,B,3000
11:13:04,15.12,B,100
11:13:04,15.12,B,1600
11:13:04,15.12,B,1000
11:13:04,15.12,B,600
11:13:04,15.12,B,100
11:13:04,15.12,B,1000
11:13:04,15.12,B,3000
11:13:04,15.12,B,900
11:13:04,15.12,B,1900
11:13:07,15.1,S,100
11:13:12,15.11,B,600
11:13:14,15.1,S,500
11:13:15,15.1,S,3000
11:13:15,15.1,S,7000
11:13:19,15.1,S,10000
11:13:27,15.1,S,1000
11:13:31,15.1,S,2400
11:13:34,15.11,B,400
11:13:34,15.11,B,100
11:13:34,15.11,B,400
11:13:34,15.1,S,300
11:13:43,15.11,B,500
11:13:46,15.1,S,3900
11:13:46,15.1,S,4800
11:13:46,15.1,S,500
11:13:46,15.1,S,200
11:13:46,15.1,S,700
11:13:46,15.1,S,9900
11:13:51,15.1,S,2000
11:13:54,15.1,S,500
11:13:54,15.11,B,800
11:13:55,15.11,B,200
11:14:03,15.11,B,1000
11:14:03,15.11,B,5000
11:14:03,15.11,B,2000
11:14:03,15.11,B,200
11:14:03,15.11,B,200
11:14:11,15.1,S,200
11:14:11,15.1,S,1000
11:14:12,15.1,S,200
11:14:12,15.11,B,600
11:14:17,15.11,B,1000
11:14:21,15.1,S,500
11:14:30,15.11,B,1800
11:14:35,15.11,B,100
11:14:36,15.11,B,1300
11:14:36,15.11,B,200
11:14:36,15.11,B,200
11:14:36,15.11,B,300
11:14:36,15.1,S,500
11:14:37,15.11,B,100
11:14:37,15.1,S,500
11:14:38,15.11,B,1000
11:14:38,15.11,B,600
11:14:38,15.11,B,1200
11:14:40,15.1,S,2000
11:14:42,15.1,S,200
11:14:42,15.1,S,4900
11:14:42,15.1,S,1100
11:14:42,15.1,S,300
11:14:42,15.1,S,5000
11:14:42,15.1,S,12400
11:14:42,15.1,S,6400
11:14:42,15.11,B,600
11:14:45,15.1,S,500
11:14:51,15.11,B,200
11:14:53,15.1,S,5300
11:14:53,15.1,S,500
11:14:53,15.1,S,1800
11:14:53,15.1,S,100
11:14:54,15.1,B,2300
11:14:54,15.11,B,300
11:14:54,15.11,B,200
11:14:54,15.11,B,1200
11:14:58,15.1,B,500
11:14:58,15.1,B,1700
11:14:59,15.1,B,1300
11:14:59,15.11,B,400
11:14:59,15.11,B,1000
11:14:59,15.11,B,300
11:15:04,15.11,S,100
11:15:06,15.09,S,100
11:15:10,15.09,S,1100
11:15:13,15.1,B,100
11:15:13,15.1,B,300
11:15:13,15.1,B,100
11:15:13,15.1,B,200
11:15:13,15.11,B,200
11:15:13,15.11,B,700
11:15:13,15.12,B,18900
11:15:13,15.12,B,200
11:15:13,15.12,B,100
11:15:13,15.12,B,1200
11:15:13,15.12,B,200
11:15:13,15.12,B,200
11:15:13,15.13,B,100
11:15:15,15.11,B,100
11:15:17,15.13,B,200
11:15:17,15.13,B,700
11:15:17,15.13,B,1000
11:15:17,15.13,B,600
11:15:17,15.14,B,1000
11:15:17,15.14,B,600
11:15:17,15.14,B,1000
11:15:17,15.14,B,3100
11:15:18,15.11,S,100
11:15:18,15.09,S,1700
11:15:22,15.11,S,100
11:15:25,15.13,B,1100
11:15:25,15.14,B,900
11:15:25,15.14,B,3000
11:15:25,15.14,B,800
11:15:25,15.14,B,200
11:15:31,15.12,S,200
11:15:32,15.13,B,3700
11:15:32,15.14,B,600
11:15:32,15.12,S,1300
11:15:43,15.14,B,200
11:15:43,15.14,B,300
11:15:43,15.14,B,100
11:15:43,15.13,S,500
11:15:44,15.13,S,3000
11:15:45,15.13,S,1000
11:15:48,15.13,S,2000
11:15:51,15.14,B,1100
11:15:51,15.14,B,1000
11:15:51,15.14,B,200
11:15:51,15.14,B,1000
11:15:51,15.14,B,900
11:15:51,15.14,B,2000
11:15:58,15.13,S,1000
11:16:03,15.13,S,100
11:16:05,15.13,S,200
11:16:06,15.13,S,200
11:16:10,15.14,B,1000
11:16:10,15.13,S,600
11:16:12,15.14,B,600
11:16:17,15.14,B,500
11:16:17,15.14,B,300
11:16:17,15.14,B,500
11:16:17,15.14,B,1500
11:16:17,15.14,B,400
11:16:18,15.14,B,100
11:16:18,15.14,B,100
11:16:23,15.14,B,400
11:16:23,15.14,B,700
11:16:23,15.14,B,200
11:16:23,15.14,B,1000
11:16:23,15.14,B,1100
11:16:26,15.14,B,900
11:16:26,15.14,B,1300
11:16:26,15.14,B,200
11:16:26,15.15,B,300
11:16:26,15.15,B,3000
11:16:26,15.15,B,300
11:16:27,15.15,B,100
11:16:28,15.15,B,100
11:16:28,15.15,B,100
11:16:28,15.15,B,100
11:16:32,15.14,S,300
11:16:32,15.14,S,500
11:16:32,15.14,S,200
11:16:32,15.15,B,100
11:16:32,15.15,B,100
11:16:34,15.15,B,1100
11:16:34,15.15,B,1000
11:16:34,15.15,B,200
11:16:34,15.15,B,5900
11:16:34,15.15,B,3000
11:16:35,15.15,B,100
11:16:35,15.15,B,100
11:16:35,15.14,S,100
11:16:35,15.14,S,300
11:16:35,15.14,S,1200
11:16:35,15.14,S,1200
11:16:35,15.14,S,300
11:16:35,15.14,S,300
11:16:37,15.13,S,1000
11:16:37,15.14,B,300
11:16:40,15.14,B,700
11:16:40,15.14,B,700
11:16:40,15.13,S,200
11:16:42,15.14,B,100
11:16:42,15.14,B,500
11:16:43,15.14,B,100
11:16:43,15.14,B,100
11:16:44,15.14,B,100
11:16:44,15.14,B,100
11:16:44,15.14,B,4200
11:16:47,15.14,B,1500
11:16:47,15.14,B,1000
11:16:47,15.14,B,3400
11:16:48,15.14,B,400
11:16:53,15.14,B,100
11:16:53,15.14,B,100
11:16:53,15.14,B,100
11:16:53,15.14,B,2500
11:16:53,15.14,B,300
11:16:53,15.14,B,200
11:16:53,15.14,B,600
11:16:53,15.14,B,100
11:16:54,15.14,B,1000
11:16:57,15.13,S,3300
11:16:57,15.14,B,300
11:16:57,15.14,B,100
11:16:57,15.14,B,5600
11:16:58,15.13,S,1500
11:16:59,15.13,S,3000
11:17:00,15.14,B,500
11:17:01,15.14,B,100
11:17:01,15.14,B,100
11:17:02,15.14,B,4200
11:17:04,15.14,B,100
11:17:04,15.14,B,100
11:17:08,15.14,B,2000
11:17:12,15.14,B,100
11:17:12,15.14,B,100
11:17:12,15.14,B,100
11:17:12,15.14,B,100
11:17:12,15.14,B,600
11:17:14,15.14,B,900
11:17:15,15.14,B,400
11:17:15,15.14,B,200
11:17:16,15.14,B,300
11:17:16,15.14,B,300
11:17:16,15.13,S,400
11:17:18,15.14,B,100
11:17:19,15.14,B,100
11:17:19,15.14,B,100
11:17:19,15.14,B,1500
11:17:19,15.14,B,200
11:17:19,15.14,B,100
11:17:23,15.13,S,1
11:17:24,15.14,B,100
11:17:24,15.14,B,100
11:17:26,15.14,B,100
11:17:26,15.14,B,3000
11:17:26,15.14,B,100
11:17:29,15.13,S,799
11:17:29,15.13,S,1201
11:17:31,15.14,B,100
11:17:31,15.14,B,100
11:17:33,15.14,B,100
11:17:33,15.14,B,100
11:17:36,15.13,S,99
11:17:36,15.13,S,701
11:17:36,15.14,B,100
11:17:36,15.14,B,100
11:17:37,15.13,S,599
11:17:37,15.13,S,2100
11:17:37,15.13,S,600
11:17:37,15.13,S,600
11:17:37,15.13,S,300
11:17:37,15.13,S,300
11:17:37,15.13,S,300
11:17:37,15.13,S,400
11:17:37,15.13,S,600
11:17:37,15.13,S,400
11:17:37,15.13,S,300
11:17:37,15.13,S,400
11:17:37,15.13,S,600
11:17:37,15.13,S,400
11:17:37,15.13,S,600
11:17:37,15.12,S,300
11:17:37,15.12,S,800
11:17:37,15.12,S,700
11:17:37,15.12,S,300
11:17:37,15.12,S,300
11:17:37,15.12,S,12400
11:17:37,15.12,S,300
11:17:37,15.11,S,900
11:17:37,15.11,S,100
11:17:37,15.1,S,1000
11:17:37,15.1,S,1000
11:17:37,15.1,S,2000
11:17:37,15.1,S,1000
11:17:37,15.1,S,3000
11:17:37,15.09,S,4500
11:17:37,15.09,S,28600
11:17:37,15.09,S,1000
11:17:37,15.08,S,300
11:17:37,15.08,S,300
11:17:37,15.07,S,10000
11:17:37,15.07,S,30000
11:17:37,15.07,S,1000
11:17:37,15.06,S,5738
11:17:37,15.06,S,600
11:17:37,15.06,S,500
11:17:37,15.05,S,32900
11:17:37,15.05,S,10000
11:17:37,15.05,S,4963
11:17:37,15.14,B,100
11:17:38,15.14,B,100
11:17:38,15.14,B,100
11:17:38,15.14,B,100
11:17:42,15.14,B,100
11:17:42,15.14,B,100
11:17:43,15.13,B,600
11:17:43,15.13,B,100
11:17:43,15.13,B,100
11:17:44,15.13,B,100
11:17:44,15.13,B,600
11:17:44,15.13,B,100
11:17:46,15.13,B,100
11:17:46,15.13,B,500
11:17:46,15.13,B,100
11:17:48,15.13,B,1000
11:17:48,15.13,B,1000
11:17:50,15.13,B,100
11:17:50,15.13,B,100
11:17:50,15.13,B,100
11:17:50,15.13,B,100
11:17:53,15.14,B,100
11:17:53,15.14,B,100
11:17:53,15.14,B,100
11:17:55,15.14,B,100
11:17:56,15.14,B,5300
11:17:56,15.14,B,400
11:17:56,15.14,B,100
11:17:56,15.14,B,200
11:17:57,15.14,B,100
11:17:58,15.14,B,200
11:18:01,15.13,B,100
11:18:03,15.13,B,100
11:18:04,15.13,B,300
11:18:06,15.13,B,100
11:18:06,15.13,B,100
11:18:07,15.1,S,300
11:18:08,15.13,B,100
11:18:11,15.13,B,100
11:18:12,15.13,B,100
11:18:13,15.13,B,500
11:18:14,15.13,B,1000
11:18:14,15.13,B,100
11:18:15,15.13,B,100
11:18:15,15.13,B,100
11:18:17,15.13,B,200
11:18:17,15.14,B,1800
11:18:17,15.13,B,100
11:18:17,15.13,B,500
11:18:21,15.13,B,100
11:18:23,15.13,B,1400
11:18:23,15.13,B,200
11:18:23,15.13,B,100
11:18:24,15.13,B,100
11:18:26,15.12,B,500
11:18:26,15.13,B,1600
11:18:26,15.13,B,300
11:18:26,15.13,B,1800
11:18:26,15.13,B,100
11:18:26,15.11,S,2000
11:18:27,15.13,B,100
11:18:34,15.13,B,300
11:18:39,15.11,S,1000
11:18:43,15.12,B,300
11:18:43,15.13,B,300
11:18:46,15.11,S,2300
11:18:49,15.11,S,700
11:18:49,15.11,S,400
11:18:49,15.1,S,13900
11:18:49,15.1,S,26600
11:18:49,15.1,S,300
11:18:49,15.1,S,1000
11:18:49,15.1,S,400
11:18:49,15.1,S,5900
11:18:49,15.1,S,900
11:18:49,15.1,S,400
11:18:49,15.08,S,800
11:18:49,15.07,S,1100
11:18:49,15.07,S,1000
11:18:49,15.06,S,1000
11:18:49,15.06,S,21100
11:18:49,15.05,S,1037
11:18:49,15.05,S,1000
11:18:49,15.05,S,100
11:18:49,15.05,S,200
11:18:49,15.05,S,5000
11:18:49,15.04,S,1900
11:18:49,15.04,S,600
11:18:49,15.03,S,30000
11:18:55,15.02,S,400
11:19:05,15.01,S,600
11:19:05,15.01,S,100
11:19:06,15.01,B,1000
11:19:06,15.01,B,400
11:19:10,15.01,S,600
11:19:12,15.01,B,100
11:19:12,15.02,B,400
11:19:13,15.02,B,100
11:19:13,15.02,B,300
11:19:13,15.03,B,500
11:19:13,15.03,B,400
11:19:15,15.03,B,500
11:19:15,15.0,S,300
11:19:16,15.03,B,1700
11:19:18,15.06,B,500
11:19:18,15.09,B,600
11:19:23,15.03,S,300
11:19:23,15.03,S,1000
11:19:23,15.03,S,500
11:19:23,15.03,S,400
11:19:23,15.02,S,500
11:19:31,15.02,B,300
11:19:31,15.02,B,1700
11:19:33,15.02,B,800
11:19:37,15.02,B,400
11:19:38,15.09,B,200
11:19:39,15.04,S,100
11:19:42,15.09,B,600
11:19:49,15.09,B,200
11:19:49,15.09,B,99
11:19:49,15.09,B,101
11:19:57,15.09,B,299
11:19:57,15.1,B,500
11:19:57,15.1,B,100
11:19:57,15.11,B,1101
11:20:00,15.1,B,1000
11:20:04,15.08,B,100
11:20:06,15.08,B,1900
11:20:06,15.11,B,4100
11:20:12,15.11,B,600
11:20:16,15.11,B,199
11:20:16,15.12,B,500
11:20:16,15.12,B,100
11:20:16,15.13,B,1100
11:20:16,15.13,B,1000
11:20:16,15.13,B,200
11:20:16,15.13,B,100
11:20:16,15.13,B,2500
11:20:16,15.13,B,600
11:20:16,15.13,B,1901
11:20:17,15.13,B,1999
11:20:17,15.13,B,600
11:20:17,15.13,B,1000
11:20:17,15.13,B,100
11:20:17,15.14,B,2301
11:20:22,15.13,S,2000
11:20:22,15.14,B,99
11:20:22,15.14,B,1900
11:20:22,15.14,B,1
11:20:26,15.09,S,500
11:20:29,15.12,B,500
11:20:29,15.13,B,1000
11:20:29,15.14,B,2500
11:20:37,15.09,S,900
11:20:42,15.12,B,500
11:20:57,15.09,S,600
11:20:57,15.09,S,400
11:21:09,15.12,B,500
11:21:09,15.12,B,1500
11:21:09,15.12,B,500
11:21:09,15.13,B,1000
11:21:09,15.13,B,600
11:21:09,15.13,B,300
11:21:09,15.14,B,2599
11:21:09,15.14,B,1201
11:21:12,15.13,B,300
11:21:12,15.14,B,300
11:21:16,15.12,S,1000
11:21:20,15.13,B,1300
11:21:20,15.14,B,700
11:21:22,15.1,S,500
11:21:22,15.1,S,300
11:21:22,15.1,S,200
11:21:22,15.09,S,100
11:21:36,15.09,S,100
11:21:42,15.13,B,600
11:21:49,15.12,B,300
11:21:50,15.12,S,1000
11:21:53,15.12,S,500
11:21:56,15.12,S,900
11:21:59,15.12,S,600
11:22:04,15.12,B,400
11:22:04,15.12,B,2700
11:22:04,15.12,B,1000
11:22:05,15.1,S,1100
11:22:12,15.12,B,500
11:22:17,15.12,B,300
11:22:22,15.12,B,2100
11:22:22,15.12,B,1100
11:22:22,15.12,B,100
11:22:23,15.12,B,300
11:22:23,15.12,B,200
11:22:26,15.12,B,2900
11:22:26,15.12,B,1100
11:22:42,15.11,B,300
11:22:42,15.11,B,600
11:22:46,15.1,S,2200
11:22:49,15.1,S,3300
11:22:54,15.1,S,3300
11:22:56,15.1,S,100
11:22:56,15.1,S,900
11:22:57,15.1,S,200
11:23:01,15.1,B,800
11:23:01,15.1,B,700
11:23:12,15.1,B,600
11:23:21,15.09,S,1100
11:23:21,15.09,S,200
11:23:21,15.09,S,300
11:23:21,15.09,S,4000
11:23:21,15.09,S,300
11:23:21,15.09,S,4100
11:23:21,15.1,B,1100
11:23:23,15.1,B,900
11:23:23,15.1,B,100
11:23:23,15.11,B,3800
11:23:23,15.11,B,100
11:23:23,15.11,B,300
11:23:23,15.12,B,800
11:23:36,15.09,S,900
11:23:36,15.09,S,3100
11:23:42,15.1,B,500
11:23:43,15.1,B,500
11:23:43,15.12,B,100
11:23:43,15.12,B,1000
11:23:43,15.12,B,1000
11:23:43,15.12,B,400
11:23:45,15.11,B,2000
11:23:50,15.11,B,2000
11:23:50,15.11,B,200
11:23:52,15.11,B,800
11:23:52,15.11,B,100
11:23:52,15.12,B,100
11:23:52,15.12,B,1000
11:23:52,15.12,B,1500
11:23:52,15.12,B,3300
11:23:52,15.12,B,100
11:23:52,15.12,B,500
11:23:52,15.12,B,200
11:23:52,15.12,B,500
11:23:52,15.12,B,100
11:23:52,15.12,B,5500
11:23:52,15.12,B,500
11:23:52,15.13,B,400
11:23:52,15.13,B,800
11:23:52,15.13,B,200
11:24:08,15.1,B,200
11:24:08,15.1,B,800
11:24:09,15.1,B,500
11:24:09,15.11,B,100
11:24:09,15.12,B,1300
11:24:09,15.13,B,100
11:24:09,15.13,B,4000
11:24:12,15.13,B,600
11:24:16,15.13,B,5300
11:24:16,15.13,B,1000
11:24:16,15.13,B,1900
11:24:17,15.09,S,300
11:24:26,15.11,B,100
11:24:26,15.11,B,1000
11:24:26,15.12,B,200
11:24:26,15.13,B,1600
11:24:26,15.13,B,100
11:24:30,15.13,B,400
11:24:30,15.13,B,2600
11:24:34,15.11,B,100
11:24:34,15.13,B,700
11:24:34,15.13,B,200
11:24:34,15.13,B,500
11:24:34,15.13,B,500
11:24:37,15.13,B,1000
11:24:38,15.1,S,1000
11:24:42,15.13,B,500
11:24:47,15.1,S,500
11:24:51,15.12,B,100
11:24:51,15.1,S,500
11:24:52,15.1,S,1000
11:24:53,15.1,S,2000
11:24:55,15.11,B,100
11:24:55,15.11,B,100
11:24:57,15.11,B,700
11:24:59,15.11,B,100
11:25:01,15.11,B,100
11:25:01,15.11,B,100
11:25:03,15.11,B,100
11:25:04,15.11,B,100
11:25:04,15.11,B,100
11:25:05,15.12,B,100
11:25:05,15.12,B,100
11:25:07,15.12,B,100
11:25:07,15.12,B,100
11:25:08,15.12,B,100
11:25:09,15.12,B,100
11:25:11,15.13,B,100
11:25:11,15.13,B,100
11:25:12,15.13,B,100
11:25:12,15.13,B,100
11:25:12,15.12,S,300
11:25:12,15.13,B,600
11:25:13,15.13,B,100
11:25:15,15.13,B,100
11:25:16,15.12,S,100
11:25:19,15.13,B,100
11:25:20,15.13,B,100
11:25:22,15.13,B,100
11:25:23,15.12,S,100
11:25:26,15.13,B,100
11:25:27,15.13,B,600
11:25:27,15.13,B,900
11:25:27,15.13,B,500
11:25:27,15.13,B,100
11:25:28,15.13,B,100
11:25:29,15.13,B,100
11:25:30,15.13,B,100
11:25:30,15.12,S,500
11:25:31,15.13,B,100
11:25:31,15.13,B,300
11:25:31,15.13,B,2300
11:25:31,15.13,B,2000
11:25:31,15.13,B,200
11:25:31,15.13,B,1100
11:25:32,15.12,S,800
11:25:35,15.12,S,1000
11:25:36,15.12,S,1000
11:25:37,15.13,B,100
11:25:38,15.12,S,400
11:25:39,15.12,S,1800
11:25:42,15.12,B,600
11:25:44,15.12,B,100
11:25:51,15.12,B,100
11:25:51,15.12,B,100
11:25:52,15.12,B,100
11:25:52,15.12,B,100
11:25:53,15.12,B,3300
11:25:53,15.12,B,100
11:25:54,15.12,B,100
11:25:54,15.12,B,100
11:25:54,15.12,B,100
11:25:56,15.12,B,100
11:25:56,15.12,B,100
11:25:57,15.12,B,100
11:25:57,15.12,B,100
11:25:58,15.12,B,100
11:25:58,15.12,B,100
11:26:01,15.12,B,100
11:26:01,15.12,B,100
11:26:01,15.12,B,100
11:26:01,15.12,B,100
11:26:05,15.12,B,100
11:26:05,15.12,B,100
11:26:06,15.12,B,100
11:26:06,15.12,B,100
11:26:10,15.12,B,100
11:26:11,15.1,S,100
11:26:12,15.12,B,500
11:26:13,15.12,B,100
11:26:13,15.12,B,1300
11:26:13,15.12,B,500
11:26:13,15.12,B,1000
11:26:13,15.12,B,800
11:26:13,15.12,B,600
11:26:15,15.13,B,100
11:26:17,15.12,S,500
11:26:19,15.13,B,700
11:26:19,15.13,B,1000
11:26:19,15.13,B,300
11:26:20,15.13,B,100
11:26:22,15.12,S,1100
11:26:24,15.12,S,5200
11:26:24,15.12,S,800
11:26:25,15.13,B,100
11:26:30,15.12,S,500
11:26:32,15.13,B,100
11:26:34,15.13,B,100
11:26:35,15.12,S,100
11:26:35,15.12,S,900
11:26:39,15.13,B,100
11:26:41,15.13,B,100
11:26:42,15.12,S,500
11:26:42,15.13,B,100
11:26:42,15.13,B,500
11:26:43,15.12,S,18600
11:26:43,15.12,S,400
11:26:43,15.12,B,100
11:26:47,15.1,S,500
11:26:47,15.12,B,100
11:26:48,15.12,B,100
11:26:48,15.12,B,100
11:26:48,15.1,S,900
11:26:51,15.12,B,400
11:26:51,15.12,B,100
11:26:52,15.12,B,100
11:26:53,15.12,B,1100
11:26:55,15.12,B,1700
11:26:55,15.12,B,100
11:26:57,15.12,B,100
11:26:59,15.1,S,3500
11:26:59,15.1,S,5000
11:26:59,15.1,S,1500
11:27:00,15.12,B,100
11:27:00,15.12,B,100
11:27:01,15.12,B,100
11:27:03,15.12,B,100
11:27:05,15.12,B,100
11:27:07,15.12,B,26200
11:27:07,15.12,B,10000
11:27:07,15.12,B,100
11:27:07,15.12,B,3000
11:27:09,15.13,B,100
11:27:09,15.13,B,100
11:27:12,15.13,B,700
11:27:12,15.13,B,700
11:27:12,15.13,B,200
11:27:12,15.13,B,400
11:27:12,15.13,B,600
11:27:14,15.12,S,200
11:27:14,15.12,S,3000
11:27:17,15.12,S,1400
11:27:18,15.12,S,3000
11:27:19,15.13,B,2500
11:27:19,15.13,B,300
11:27:19,15.13,B,200
11:27:19,15.13,B,200
11:27:19,15.13,B,100
11:27:19,15.13,B,2700
11:27:25,15.12,S,400
11:27:29,15.12,S,500
11:27:38,15.12,S,2000
11:27:42,15.13,B,500
11:27:46,15.12,S,10000
11:27:48,15.12,S,100
11:27:48,15.12,S,200
11:27:50,15.12,S,500
11:27:50,15.13,B,2200
11:27:54,15.12,S,500
11:27:54,15.13,B,500
11:27:54,15.13,B,500
11:27:54,15.13,B,1000
11:28:00,15.12,S,362
11:28:00,15.12,S,200
11:28:00,15.12,S,100
11:28:03,15.12,S,500
11:28:06,15.12,S,200
11:28:12,15.13,B,2000
11:28:12,15.13,B,500
11:28:12,15.13,B,800
11:28:12,15.13,B,200
11:28:12,15.14,B,2199
11:28:12,15.14,B,301
11:28:12,15.14,B,600
11:28:18,15.13,S,100
11:28:18,15.12,S,400
11:28:19,15.13,S,100
11:28:19,15.13,B,100
11:28:19,15.13,B,100
11:28:22,15.13,B,500
11:28:32,15.12,S,1000
11:28:33,15.12,S,1000
11:28:42,15.13,B,600
11:28:49,15.12,S,400
11:28:50,15.13,B,1200
11:28:50,15.12,S,300
11:29:05,15.12,S,100
11:29:07,15.12,S,338
11:29:07,15.12,S,1100
11:29:07,15.12,S,1862
11:29:12,15.13,B,500
11:29:21,15.13,B,900
11:29:22,15.13,B,700
11:29:22,15.13,B,1300
11:29:24,15.12,S,500
11:29:29,15.12,S,500
11:29:29,15.13,B,600
11:29:35,15.12,S,500
11:29:42,15.13,B,600
11:29:43,15.12,S,2000
11:29:43,15.13,B,200
11:29:47,15.13,B,100
11:29:47,15.13,B,1900
11:29:47,15.13,B,100
13:00:00,15.13,B,2100
13:00:00,15.13,B,900
13:00:00,15.13,B,500
13:00:00,15.13,B,1000
13:00:00,15.13,B,1000
13:00:00,15.13,B,3300
13:00:00,15.13,B,600
13:00:00,15.13,B,600
13:00:02,15.12,S,700
13:00:02,15.12,S,1000
13:00:02,15.13,B,100
13:00:02,15.13,B,3400
13:00:02,15.12,S,2300
13:00:02,15.13,B,1000
13:00:02,15.12,S,400
13:00:02,15.13,B,100
13:00:03,15.12,S,200
13:00:03,15.13,B,4800
13:00:03,15.13,B,7200
13:00:03,15.13,B,5000
13:00:03,15.13,B,300
13:00:03,15.13,B,2100
13:00:03,15.13,B,2100
13:00:04,15.14,B,600
13:00:04,15.13,S,200
13:00:05,15.14,B,800
13:00:05,15.13,S,100
13:00:05,15.13,S,300
13:00:05,15.13,S,5000
13:00:06,15.14,B,2699
13:00:06,15.14,B,2400
13:00:06,15.14,B,100
13:00:06,15.14,B,1000
13:00:06,15.14,B,200
13:00:06,15.14,B,1000
13:00:06,15.14,B,801
13:00:06,15.13,S,100
13:00:07,15.13,S,3000
13:00:08,15.14,B,899
13:00:08,15.14,B,1000
13:00:08,15.14,B,101
13:00:09,15.14,B,899
13:00:09,15.14,B,400
13:00:09,15.14,B,1501
13:00:14,15.14,B,100
13:00:15,15.13,S,200
13:00:15,15.13,S,700
13:00:15,15.13,S,400
13:00:16,15.13,S,100
13:00:17,15.14,B,300
13:00:17,15.13,S,300
13:00:17,15.13,S,500
13:00:20,15.13,S,500
13:00:21,15.14,B,500
13:00:23,15.14,B,1199
13:00:23,15.14,B,1100
13:00:23,15.14,B,1000
13:00:23,15.14,B,1200
13:00:23,15.14,B,100
13:00:23,15.15,B,8501
13:00:23,15.13,S,400
13:00:23,15.13,S,500
13:00:24,15.13,S,5000
13:00:24,15.13,S,500
13:00:24,15.13,S,800
13:00:24,15.13,S,800
13:00:24,15.13,S,200
13:00:26,15.13,S,100
13:00:27,15.13,S,400
13:00:27,15.13,S,600
13:00:27,15.15,B,100
13:00:28,15.15,B,2299
13:00:28,15.15,B,1600
13:00:28,15.15,B,200
13:00:28,15.15,B,1500
13:00:28,15.15,B,2000
13:00:28,15.15,B,400
13:00:28,15.15,B,2000
13:00:28,15.15,B,100
13:00:28,15.15,B,800
13:00:28,15.15,B,200
13:00:28,15.15,B,500
13:00:28,15.15,B,1000
13:00:28,15.15,B,5000
13:00:28,15.15,B,300
13:00:28,15.15,B,200
13:00:28,15.15,B,4000
13:00:28,15.15,B,1000
13:00:28,15.15,B,400
13:00:28,15.15,B,1
13:00:28,15.15,B,200
13:00:28,15.15,B,200
13:00:28,15.15,B,1000
13:00:28,15.15,B,1000
13:00:28,15.15,B,1000
13:00:28,15.15,B,1000
13:00:28,15.15,B,4000
13:00:28,15.15,B,1000
13:00:28,15.15,B,800
13:00:28,15.15,B,1000
13:00:28,15.15,B,400
13:00:28,15.15,B,200
13:00:28,15.15,B,300
13:00:28,15.15,B,2100
13:00:28,15.15,B,200
13:00:28,15.15,B,15000
13:00:28,15.15,B,200
13:00:28,15.15,B,200
13:00:28,15.15,B,3000
13:00:28,15.15,B,1000
13:00:28,15.15,B,3000
13:00:28,15.15,B,300
13:00:28,15.15,B,3127
13:00:28,15.15,B,200
13:00:28,15.15,B,1500
13:00:28,15.15,B,4400
13:00:29,15.15,S,200
13:00:29,15.15,S,1000
13:00:30,15.15,S,100
13:00:31,15.15,S,21700
13:00:31,15.15,S,15000
13:00:31,15.15,S,200
13:00:33,15.16,B,100
13:00:33,15.16,B,300
13:00:33,15.16,B,200
13:00:34,15.15,S,23700
13:00:36,15.15,S,500
13:00:37,15.15,S,5000
13:00:41,15.15,S,900
13:00:42,15.15,S,1000
13:00:43,15.15,S,873
13:00:43,15.15,S,127
13:00:46,15.15,S,173
13:00:46,15.15,S,500
13:00:46,15.14,S,327
13:00:48,15.15,S,300
13:00:48,15.15,S,300
13:00:48,15.14,S,400
13:00:49,15.14,S,100
13:00:54,15.15,S,2000
13:00:54,15.15,S,200
13:01:04,15.16,B,100
13:01:04,15.16,B,500
13:01:04,15.15,S,1800
13:01:04,15.15,S,300
13:01:04,15.15,S,1200
13:01:04,15.16,B,500
13:01:04,15.16,B,1500
13:01:05,15.16,B,1500
13:01:05,15.16,B,1000
13:01:05,15.16,B,2000
13:01:05,15.16,B,1000
13:01:05,15.16,B,3000
13:01:05,15.16,B,200
13:01:05,15.16,B,400
13:01:05,15.16,B,100
13:01:05,15.16,B,800
13:01:06,15.16,B,100
13:01:09,15.16,B,100
13:01:14,15.16,B,100
13:01:14,15.16,B,100
13:01:15,15.16,B,100
13:01:15,15.16,B,100
13:01:17,15.16,B,1800
13:01:17,15.16,B,1000
13:01:18,15.17,B,100
13:01:18,15.17,B,100
13:01:19,15.17,B,100
13:01:20,15.17,B,100
13:01:21,15.17,B,100
13:01:21,15.17,B,100
13:01:27,15.17,B,100
13:01:27,15.17,B,100
13:01:28,15.17,B,100
13:01:29,15.17,B,100
13:01:33,15.17,B,500
13:01:34,15.17,B,100
13:01:34,15.17,B,100
13:01:36,15.17,B,100
13:01:36,15.17,B,100
13:01:41,15.17,B,100
13:01:41,15.17,B,100
13:01:41,15.17,B,100
13:01:42,15.17,B,100
13:01:45,15.17,B,100
13:01:45,15.17,B,100
13:01:47,15.17,B,100
13:01:47,15.17,B,100
13:01:47,15.17,B,100
13:01:47,15.17,B,100
13:01:50,15.17,B,100
13:01:50,15.17,B,100
13:01:51,15.17,B,900
13:01:51,15.17,B,2000
13:01:51,15.17,B,200
13:01:51,15.17,B,1200
13:01:53,15.17,B,200
13:01:53,15.17,B,100
13:01:55,15.16,S,500
13:01:56,15.17,B,100
13:01:59,15.17,B,100
13:02:00,15.17,B,500
13:02:02,15.17,B,100
13:02:04,15.17,B,600
13:02:04,15.17,B,100
13:02:04,15.17,B,200
13:02:04,15.17,B,8700
13:02:07,15.17,B,100
13:02:08,15.17,B,100
13:02:11,15.17,B,100
13:02:11,15.17,B,13000
13:02:11,15.17,B,1000
13:02:11,15.17,B,2500
13:02:11,15.17,B,300
13:02:11,15.17,B,100
13:02:11,15.17,B,100
13:02:11,15.17,B,2800
13:02:11,15.17,B,1000
13:02:11,15.17,S,1600
13:02:13,15.18,B,100
13:02:13,15.18,B,200
13:02:13,15.18,B,2100
13:02:13,15.18,B,2700
13:02:15,15.18,B,100
13:02:17,15.17,S,5000
13:02:17,15.18,B,100
13:02:18,15.17,S,1500
13:02:19,15.18,B,100
13:02:19,15.18,B,2000
13:02:19,15.18,B,200
13:02:19,15.18,B,3600
13:02:19,15.18,B,200
13:02:19,15.18,B,1000
13:02:20,15.17,S,7000
13:02:22,15.18,B,100
13:02:22,15.17,S,200
13:02:24,15.17,S,100
13:02:25,15.18,B,100
13:02:27,15.18,B,100
13:02:27,15.17,S,100
13:02:28,15.17,S,300
13:02:28,15.17,S,300
13:02:29,15.18,B,100
13:02:32,15.18,B,100
13:02:33,15.18,B,100
13:02:34,15.18,B,400
13:02:34,15.18,B,200
13:02:34,15.18,B,100
13:02:34,15.18,B,2000
13:02:34,15.18,B,1100
13:02:34,15.18,B,100
13:02:34,15.18,B,1000
13:02:34,15.18,B,200
13:02:34,15.18,B,5000
13:02:34,15.18,B,1300
13:02:34,15.18,B,1500
13:02:34,15.18,B,500
13:02:34,15.18,B,2900
13:02:34,15.18,B,100
13:02:34,15.19,B,300
13:02:34,15.19,B,13000
13:02:34,15.19,B,2000
13:02:34,15.19,B,900
13:02:34,15.19,B,500
13:02:34,15.19,B,900
13:02:34,15.19,B,600
13:02:34,15.19,B,1200
13:02:34,15.19,B,10000
13:02:34,15.19,B,1500
13:02:34,15.19,B,2000
13:02:34,15.19,B,3000
13:02:34,15.19,B,1100
13:02:34,15.19,B,1000
13:02:34,15.19,B,1000
13:02:34,15.19,B,1300
13:02:34,15.19,B,400
13:02:34,15.2,B,100
13:02:34,15.2,B,1000
13:02:34,15.2,B,800
13:02:34,15.2,B,400
13:02:34,15.2,B,1400
13:02:34,15.2,B,3000
13:02:34,15.2,B,100
13:02:34,15.2,B,500
13:02:34,15.2,B,200
13:02:34,15.2,B,10000
13:02:34,15.2,B,200
13:02:34,15.2,B,5000
13:02:34,15.2,B,300
13:02:34,15.2,B,300
13:02:34,15.2,B,400
13:02:34,15.2,B,1500
13:02:34,15.2,B,500
13:02:34,15.2,B,600
13:02:34,15.2,B,100
13:02:34,15.2,B,3000
13:02:34,15.2,B,600
13:02:34,15.2,B,500
13:02:34,15.2,B,1500
13:02:34,15.2,B,1000
13:02:34,15.2,B,2100
13:02:34,15.2,B,1000
13:02:34,15.2,B,23000
13:02:34,15.2,B,1000
13:02:34,15.2,B,500
13:02:34,15.2,B,7900
13:02:34,15.2,B,500
13:02:34,15.2,B,400
13:02:34,15.2,B,4000
13:02:34,15.2,B,600
13:02:34,15.2,B,500
13:02:34,15.2,B,6800
13:02:34,15.2,B,300
13:02:34,15.2,B,400
13:02:34,15.2,B,700
13:02:34,15.2,B,600
13:02:34,15.2,B,500
13:02:34,15.2,B,1000
13:02:34,15.2,B,400
13:02:34,15.2,B,1500
13:02:34,15.2,B,100
13:02:34,15.2,B,700
13:02:34,15.2,B,200
13:02:34,15.2,B,2800
13:02:34,15.2,B,100
13:02:34,15.2,B,1000
13:02:34,15.21,B,100
13:02:35,15.2,S,100
13:02:36,15.21,B,100
13:02:40,15.2,S,2800
13:02:43,15.2,S,200
13:02:44,15.21,B,100
13:02:44,15.21,B,100
13:02:45,15.21,B,100
13:02:46,15.2,S,100
13:02:46,15.21,B,100
13:02:50,15.21,B,400
13:02:50,15.21,B,200
13:02:50,15.21,B,300
