Time,Price,BuySell,Volume
09:25:04,16.37,S,312
09:25:04,16.37,S,2200
09:25:04,16.37,S,986
09:25:04,16.37,S,6502
09:25:04,16.37,B,10200
09:25:04,16.37,B,28000
09:25:04,16.37,B,12000
09:25:04,16.37,B,20298
09:25:04,16.37,B,98
09:25:04,16.37,B,10000
09:25:04,16.37,S,10200
09:25:04,16.37,S,12000
09:25:04,16.37,S,1700
09:25:04,16.37,B,10000
09:25:04,16.37,B,12704
09:25:04,16.37,B,67296
09:25:04,16.37,S,12704
09:25:04,16.37,B,5000
09:25:04,16.37,B,3000
09:25:04,16.37,B,3500
09:25:04,16.37,B,3796
09:25:04,16.37,S,5000
09:25:04,16.37,S,900
09:25:04,16.37,S,304
09:25:04,16.37,S,2696
09:25:04,16.37,S,3500
09:25:04,16.37,S,4400
09:25:04,16.37,S,400
09:25:04,16.37,S,2800
09:25:04,16.37,S,2800
09:25:04,16.37,S,404
09:25:04,16.37,S,900
09:25:04,16.37,S,96
09:25:04,16.37,S,4304
09:25:04,16.37,S,900
09:25:04,16.37,S,3000
09:25:04,16.37,S,1100
09:25:04,16.37,S,500
09:25:04,16.37,S,1500
09:25:04,16.37,S,400
09:25:04,16.37,S,4000
09:25:04,16.37,S,100
09:25:04,16.37,S,5000
09:25:04,16.37,S,500
09:25:04,16.37,S,496
09:25:04,16.37,S,204
09:25:04,16.37,S,3100
09:25:04,16.37,S,12000
09:25:04,16.37,S,1300
09:25:04,16.37,B,100
09:25:04,16.37,S,500
09:25:04,16.37,S,200
09:25:04,16.37,S,196
09:25:04,16.37,S,104
09:25:04,16.37,S,300
09:25:04,16.37,S,1100
09:25:04,16.37,S,400
09:25:04,16.37,S,3696
09:25:04,16.37,S,2204
09:25:04,16.37,S,2700
09:25:04,16.37,S,1696
09:25:04,16.37,B,1704
09:25:04,16.37,B,300
09:25:04,16.37,B,14796
09:25:04,16.37,B,1000
09:25:04,16.37,B,10000
09:25:04,16.37,B,6000
09:25:04,16.37,B,1500
09:25:04,16.37,S,600
09:25:04,16.37,B,3000
09:25:04,16.37,B,1400
09:25:04,16.37,B,1000
09:25:04,16.37,S,704
09:25:04,16.37,S,200
09:25:04,16.37,S,100
09:25:04,16.37,S,3000
09:25:04,16.37,B,1596
09:25:04,16.37,B,4404
09:25:04,16.37,S,1196
09:25:04,16.37,S,804
09:25:04,16.37,S,500
09:25:04,16.37,S,1000
09:25:04,16.37,S,100
09:25:04,16.37,S,3196
09:25:04,16.37,S,6800
09:25:04,16.37,S,4
09:25:04,16.37,S,200
09:25:04,16.37,S,296
09:25:04,16.37,S,3804
09:25:04,16.37,S,400
09:25:04,16.37,S,796
09:25:04,16.37,B,100
09:25:04,16.37,B,1104
09:25:04,16.37,B,500
09:25:04,16.37,B,10000
09:25:04,16.37,B,896
09:25:04,16.37,B,104
09:25:04,16.37,B,96
09:25:04,16.37,B,4900
09:25:04,16.37,S,4
09:25:04,16.37,B,4000
09:25:04,16.37,S,100
09:25:04,16.37,S,600
09:25:04,16.37,S,400
09:25:04,16.37,S,200
09:25:04,16.37,S,1096
09:25:04,16.37,S,7804
09:25:04,16.37,S,1000
09:25:04,16.37,S,500
09:25:04,16.37,S,100
09:25:04,16.37,S,200
09:25:04,16.37,S,600
09:25:04,16.37,S,100
09:25:04,16.37,S,1196
09:25:04,16.37,S,1300
09:25:04,16.37,B,500
09:25:04,16.37,B,600
09:25:04,16.37,S,200
09:25:04,16.37,S,1000
09:25:04,16.37,S,204
09:25:04,16.37,S,100
09:25:04,16.37,S,1000
09:25:04,16.37,S,5000
09:25:04,16.37,S,1000
09:25:04,16.37,S,1000
09:25:04,16.37,S,500
09:25:04,16.37,S,1000
09:25:04,16.37,S,196
09:25:04,16.37,B,804
09:25:04,16.37,B,1000
09:25:04,16.37,B,500
09:25:04,16.37,B,496
09:25:04,16.37,B,2000
09:25:04,16.37,B,504
09:25:04,16.37,B,200
09:25:04,16.37,B,100
09:25:04,16.37,B,400
09:25:04,16.37,B,900
09:25:04,16.37,B,300
09:25:04,16.37,B,3730
09:25:04,16.37,B,1000
09:25:04,16.37,B,270
09:25:04,16.37,B,200
09:25:04,16.37,B,600
09:25:04,16.37,B,1000
09:25:04,16.37,B,5930
09:25:04,16.37,B,3000
09:25:04,16.37,B,2900
09:25:04,16.37,B,2000
09:25:04,16.37,B,2400
09:25:04,16.37,B,5000
09:25:04,16.37,B,11270
09:25:04,16.37,B,17500
09:25:04,16.37,B,500
09:25:04,16.37,B,44000
09:25:04,16.37,B,1100
09:25:04,16.37,S,100
09:25:04,16.37,S,200
09:25:04,16.37,S,1000
09:25:04,16.37,S,1000
09:25:04,16.37,S,300
09:25:04,16.37,S,10000
09:25:04,16.37,S,25200
09:25:04,16.37,S,700
09:25:04,16.37,S,100
09:25:04,16.37,S,1000
09:25:04,16.37,S,1000
09:25:04,16.37,S,200
09:25:04,16.37,S,500
09:25:04,16.37,S,200
09:25:04,16.37,S,2200
09:25:04,16.37,S,400
09:25:04,16.37,S,500
09:25:04,16.37,S,16030
09:25:04,16.37,S,100
09:25:04,16.37,S,600
09:25:04,16.37,S,800
09:25:04,16.37,S,100
09:25:04,16.37,S,14500
09:25:04,16.37,S,600
09:25:04,16.37,S,10000
09:25:04,16.37,S,9900
09:25:04,16.37,S,58900
09:25:04,16.37,S,900
09:25:04,16.37,S,2000
09:25:04,16.37,S,2000
09:25:04,16.37,S,5000
09:25:04,16.37,S,3000
09:25:04,16.37,S,500
09:25:04,16.37,S,75070
09:25:04,16.37,S,2500
09:25:04,16.37,S,300
09:25:04,16.37,S,100
09:25:04,16.37,S,1000
09:25:04,16.37,S,10000
09:25:04,16.37,S,600
09:25:04,16.37,S,200
09:25:04,16.37,S,300
09:25:04,16.37,S,100
09:25:04,16.37,S,100
09:25:04,16.37,S,600
09:25:04,16.37,S,1000
09:25:04,16.37,S,200
09:25:04,16.37,S,2000
09:25:04,16.37,S,100
09:25:04,16.37,S,3300
09:25:04,16.37,S,18530
09:25:04,16.37,S,2300
09:25:04,16.37,S,2200
09:25:04,16.37,S,300
09:25:04,16.37,S,8000
09:25:04,16.37,S,1200
09:25:04,16.37,S,2000
09:25:04,16.37,S,2200
09:25:04,16.37,S,1600
09:25:04,16.37,S,3000
09:25:04,16.37,S,10000
09:25:04,16.37,S,3670
09:25:04,16.37,S,5600
09:25:04,16.37,S,400
09:25:04,16.37,S,500
09:25:04,16.37,S,200
09:25:04,16.37,S,1000
09:25:04,16.37,S,400
09:25:04,16.37,S,1000
09:25:04,16.37,S,5000
09:25:04,16.37,S,300
09:25:04,16.37,S,700
09:25:04,16.37,S,600
09:25:04,16.37,S,2000
09:25:04,16.37,S,1700
09:25:04,16.37,S,1000
09:25:04,16.37,S,500
09:25:04,16.37,S,500
09:25:04,16.37,S,100
09:25:04,16.37,S,500
09:25:04,16.37,S,2400
09:25:04,16.37,S,1000
09:25:04,16.37,S,930
09:25:04,16.37,S,1070
09:25:04,16.37,S,7930
09:25:04,16.37,S,8000
09:25:04,16.37,S,1000
09:25:04,16.37,S,14100
09:25:04,16.37,S,400
09:25:04,16.37,B,100
09:25:04,16.37,B,1200
09:25:04,16.37,B,1500
09:25:04,16.37,S,600
09:25:04,16.37,S,1000
09:25:04,16.37,S,60000
09:25:04,16.37,S,3900
09:25:04,16.37,S,1000
09:25:04,16.37,S,6000
09:25:04,16.37,S,2900
09:25:04,16.37,S,8200
09:25:04,16.37,S,10000
09:25:04,16.37,S,10000
09:25:04,16.37,S,10000
09:25:04,16.37,S,2000
09:25:04,16.37,S,31200
09:25:04,16.37,S,500
09:25:04,16.37,S,1000
09:25:04,16.37,B,4000
09:25:04,16.37,S,400
09:25:04,16.37,S,100
09:25:04,16.37,S,27070
09:25:04,16.37,S,100
09:25:04,16.37,S,1000
09:25:04,16.37,S,900
09:25:04,16.37,S,10000
09:25:04,16.37,S,900
09:25:04,16.37,S,100
09:25:04,16.37,S,2600
09:25:04,16.37,S,1000
09:25:04,16.37,S,3000
09:25:04,16.37,S,50000
09:25:04,16.37,S,500
09:25:04,16.37,S,100
09:25:04,16.37,S,100
09:25:04,16.37,S,1000
09:25:04,16.37,S,800
09:25:04,16.37,S,200
09:25:04,16.37,S,1200
09:25:04,16.37,S,500
09:25:04,16.37,B,300
09:25:04,16.37,B,400
09:25:04,16.37,B,3700
09:25:04,16.37,B,100
09:25:04,16.37,B,100
09:25:04,16.37,B,3000
09:25:04,16.37,B,500
09:25:04,16.37,B,1000
09:25:04,16.37,B,500
09:25:04,16.37,B,900
09:25:04,16.37,B,800
09:25:04,16.37,B,1000
09:25:04,16.37,B,700
09:25:04,16.37,B,5000
09:25:04,16.37,B,600
09:25:04,16.37,B,8000
09:25:04,16.37,B,200
09:25:04,16.37,B,1000
09:25:04,16.37,B,500
09:25:04,16.37,B,300
09:25:04,16.37,B,200
09:25:04,16.37,B,30000
09:25:04,16.37,B,100
09:25:04,16.37,B,300
09:25:04,16.37,B,200
09:25:04,16.37,B,5000
09:25:04,16.37,B,2000
09:25:04,16.37,B,300
09:25:04,16.37,B,700
09:25:04,16.37,B,500
09:25:04,16.37,B,10000
09:25:04,16.37,B,100
09:25:04,16.37,B,500
09:25:04,16.37,B,400
09:25:04,16.37,B,2000
09:25:04,16.37,B,1000
09:25:04,16.37,B,100
09:25:04,16.37,B,1100
09:25:04,16.37,B,400
09:25:04,16.37,B,20000
09:25:04,16.37,B,500
09:25:04,16.37,B,1100
09:25:04,16.37,B,500
09:25:04,16.37,B,1000
09:25:04,16.37,B,2000
09:25:04,16.37,B,1000
09:25:04,16.37,B,20000
09:25:04,16.37,S,200
09:25:04,16.37,S,500
09:25:04,16.37,B,2000
09:25:04,16.37,B,100
09:25:04,16.37,B,1000
09:25:04,16.37,B,200
09:25:04,16.37,B,1000
09:25:04,16.37,B,200
09:25:04,16.37,B,200
09:25:04,16.37,B,1000
09:25:04,16.37,B,100
09:25:04,16.37,B,500
09:25:04,16.37,B,5000
09:25:04,16.37,B,1000
09:25:04,16.37,B,300
09:25:04,16.37,B,2000
09:25:04,16.37,B,1000
09:25:04,16.37,B,2000
09:25:04,16.37,B,500
09:25:04,16.37,B,1000
09:25:04,16.37,B,100
09:25:04,16.37,B,400
09:25:04,16.37,B,1000
09:25:04,16.37,B,2000
09:25:04,16.37,B,2000
09:25:04,16.37,B,1000
09:25:04,16.37,B,1000
09:25:04,16.37,B,2000
09:25:04,16.37,B,500
09:25:04,16.37,B,300
09:25:04,16.37,B,1000
09:25:04,16.37,B,800
09:25:04,16.37,B,300
09:25:04,16.37,B,1000
09:25:04,16.37,B,100
09:25:04,16.37,B,300
09:25:04,16.37,B,39100
09:25:04,16.37,B,100
09:25:04,16.37,B,8000
09:25:04,16.37,B,1500
09:25:04,16.37,B,700
09:25:04,16.37,B,100
09:25:04,16.37,B,170030
09:25:04,16.37,B,1000
09:25:04,16.37,B,2000
09:25:04,16.37,B,900
09:25:04,16.37,B,6100
09:25:04,16.37,B,10000
09:25:04,16.37,B,200
09:25:04,16.37,B,2000
09:25:04,16.37,B,100
09:25:04,16.37,B,100
09:25:04,16.37,B,10100
09:25:04,16.37,B,20000
09:25:04,16.37,B,10000
09:25:04,16.37,B,44800
09:25:04,16.37,B,3000
09:25:04,16.37,B,5000
09:25:04,16.37,B,5000
09:25:04,16.37,B,800
09:25:04,16.37,B,2000
09:25:04,16.37,B,6800
09:25:04,16.37,B,2300
09:25:04,16.37,B,700
09:25:04,16.37,B,1700
09:25:04,16.37,B,1000
09:25:04,16.37,B,270
09:30:01,16.37,B,1730
09:30:01,16.37,B,2000
09:30:01,16.37,B,600
09:30:01,16.37,B,670
09:30:01,16.36,S,200
09:30:01,16.36,S,400
09:30:01,16.36,S,300
09:30:01,16.36,S,600
09:30:01,16.36,S,300
09:30:02,16.36,S,4800
09:30:02,16.36,S,500
09:30:02,16.36,S,200
09:30:02,16.36,S,2000
09:30:02,16.36,S,1000
09:30:02,16.36,S,300
09:30:02,16.36,S,10000
09:30:02,16.36,S,100
09:30:02,16.36,S,2000
09:30:02,16.36,S,900
09:30:02,16.35,S,2000
09:30:02,16.35,S,50000
09:30:02,16.35,S,1500
09:30:02,16.35,S,100
09:30:02,16.35,S,1000
09:30:02,16.35,S,500
09:30:02,16.35,S,100
09:30:02,16.36,B,1400
09:30:02,16.37,B,430
09:30:02,16.37,B,29
09:30:02,16.37,B,41
09:30:02,16.36,S,400
09:30:02,16.35,S,4900
09:30:02,16.35,S,3000
09:30:02,16.35,S,11700
09:30:02,16.37,B,100
09:30:02,16.36,S,3000
09:30:02,16.35,S,54800
09:30:02,16.35,S,1000
09:30:02,16.35,S,400
09:30:02,16.35,S,300
09:30:02,16.35,S,300
09:30:02,16.35,S,2500
09:30:02,16.35,S,4000
09:30:02,16.35,S,100
09:30:02,16.35,S,3000
09:30:02,16.35,S,20600
09:30:02,16.35,S,3000
09:30:02,16.35,S,30300
09:30:02,16.36,B,1000
09:30:02,16.37,B,500
09:30:02,16.37,B,359
09:30:02,16.37,B,141
09:30:02,16.36,B,500
09:30:02,16.36,B,1000
09:30:02,16.36,B,1000
09:30:02,16.36,B,500
09:30:02,16.36,B,1000
09:30:02,16.36,B,5000
09:30:02,16.36,B,600
09:30:02,16.36,B,200
09:30:02,16.36,B,1100
09:30:02,16.36,B,163
09:30:02,16.36,B,737
09:30:02,16.36,B,1000
09:30:02,16.36,B,3263
09:30:02,16.36,B,4600
09:30:02,16.36,B,2000
09:30:02,16.36,B,1500
09:30:02,16.36,B,500
09:30:02,16.37,B,1859
09:30:02,16.37,B,10000
09:30:02,16.37,B,1000
09:30:02,16.37,B,1000
09:30:02,16.37,B,500
09:30:02,16.38,B,5500
09:30:02,16.38,B,300
09:30:02,16.38,B,1400
09:30:02,16.38,B,5000
09:30:02,16.38,B,169
09:30:02,16.38,B,1600
09:30:02,16.38,B,17000
09:30:02,16.38,B,3000
09:30:02,16.38,B,100
09:30:02,16.38,B,3000
09:30:02,16.38,B,500
09:30:02,16.38,B,8600
09:30:02,16.38,B,100
09:30:02,16.38,B,200
09:30:02,16.38,B,100
09:30:02,16.38,B,1100
09:30:02,16.38,B,1500
09:30:02,16.38,B,400
09:30:02,16.38,B,24209
09:30:02,16.37,S,100
09:30:02,16.37,S,200
09:30:02,16.37,S,2700
09:30:02,16.37,S,2700
09:30:02,16.38,B,2791
09:30:02,16.38,B,1900
09:30:02,16.38,B,300
09:30:02,16.38,B,100
09:30:02,16.38,B,10000
09:30:02,16.38,B,100
09:30:02,16.38,B,3800
09:30:02,16.38,B,200
09:30:02,16.38,B,100
09:30:02,16.38,B,600
09:30:02,16.38,B,400
09:30:02,16.38,B,1000
09:30:02,16.38,B,1000
09:30:02,16.38,B,1000
09:30:02,16.38,B,100
09:30:02,16.38,B,100
09:30:02,16.38,B,47100
09:30:02,16.38,B,6000
09:30:02,16.38,B,69409
09:30:02,16.37,S,2300
09:30:02,16.37,B,10000
09:30:02,16.37,B,500
09:30:02,16.37,B,1700
09:30:02,16.37,B,800
09:30:02,16.37,B,1000
09:30:02,16.37,B,200
09:30:02,16.37,B,500
09:30:02,16.37,B,1500
09:30:02,16.37,B,500
09:30:02,16.37,B,300
09:30:03,16.37,B,700
09:30:03,16.37,B,700
09:30:03,16.37,B,300
09:30:03,16.37,B,2000
09:30:03,16.37,B,17700
09:30:03,16.37,B,2000
09:30:03,16.36,S,300
09:30:03,16.36,S,500
09:30:03,16.36,S,100
09:30:03,16.36,S,400
09:30:03,16.36,S,1500
09:30:03,16.37,B,100
09:30:03,16.37,B,200
09:30:03,16.37,B,1000
09:30:03,16.36,S,3500
09:30:03,16.36,S,1000
09:30:03,16.36,S,800
09:30:03,16.36,S,600
09:30:03,16.36,S,400
09:30:03,16.36,S,1900
09:30:03,16.36,S,100
09:30:03,16.36,S,100
09:30:03,16.36,S,3200
09:30:03,16.37,B,300
09:30:03,16.37,B,8000
09:30:03,16.36,S,1800
09:30:03,16.36,S,9600
09:30:03,16.37,B,300
09:30:03,16.37,B,1500
09:30:03,16.37,B,3000
09:30:03,16.36,S,600
09:30:03,16.37,B,500
09:30:03,16.37,B,5400
09:30:03,16.37,S,4000
09:30:03,16.38,B,3300
09:30:03,16.38,B,8500
09:30:03,16.37,S,2000
09:30:03,16.37,S,300
09:30:03,16.37,S,500
09:30:03,16.36,S,2200
09:30:03,16.37,S,100
09:30:03,16.37,S,1000
09:30:03,16.37,S,10700
09:30:03,16.37,S,2500
09:30:03,16.37,S,500
09:30:03,16.37,S,500
09:30:03,16.37,S,1500
09:30:03,16.37,S,2500
09:30:03,16.38,B,1000
09:30:03,16.37,S,8800
09:30:03,16.37,S,1400
09:30:04,16.37,S,2700
09:30:04,16.37,S,1500
09:30:04,16.37,S,5000
09:30:04,16.37,S,100
09:30:04,16.37,S,4900
09:30:04,16.37,S,300
09:30:04,16.37,S,500
09:30:04,16.37,S,300
09:30:04,16.37,S,2000
09:30:04,16.37,S,800
09:30:04,16.38,B,2000
09:30:04,16.37,S,12600
09:30:04,16.38,B,3000
09:30:04,16.37,S,10000
09:30:04,16.37,S,700
09:30:04,16.38,B,57000
09:30:04,16.37,S,2000
09:30:04,16.38,B,800
09:30:04,16.38,B,2000
09:30:04,16.37,S,100
09:30:04,16.37,S,100
09:30:04,16.38,B,500
09:30:04,16.37,S,5000
09:30:04,16.38,B,1000
09:30:04,16.38,B,2000
09:30:04,16.37,S,1800
09:30:04,16.38,B,1000
09:30:04,16.37,S,500
09:30:04,16.37,S,500
09:30:04,16.37,S,1700
09:30:04,16.37,S,300
09:30:04,16.37,S,2000
09:30:04,16.37,S,600
09:30:04,16.37,S,1800
09:30:04,16.37,S,200
09:30:04,16.37,S,800
09:30:04,16.37,S,500
09:30:04,16.37,S,1000
09:30:04,16.37,S,500
09:30:04,16.37,S,500
09:30:04,16.37,S,500
09:30:05,16.37,S,500
09:30:05,16.37,S,1900
09:30:05,16.37,S,100
09:30:05,16.37,S,600
09:30:05,16.37,S,3900
09:30:05,16.37,S,500
09:30:05,16.37,S,100
09:30:05,16.37,S,2400
09:30:05,16.37,S,2400
09:30:05,16.37,S,1800
09:30:05,16.38,B,500
09:30:05,16.37,S,5700
09:30:05,16.37,S,300
09:30:05,16.37,S,500
09:30:05,16.37,S,1000
09:30:05,16.37,S,5900
09:30:05,16.37,S,200
09:30:05,16.37,S,400
09:30:05,16.37,S,700
09:30:05,16.37,S,300
09:30:05,16.37,S,400
09:30:05,16.37,S,600
09:30:05,16.37,S,500
09:30:05,16.37,S,200
09:30:06,16.37,S,300
09:30:06,16.37,S,1000
09:30:06,16.37,S,200
09:30:06,16.37,S,300
09:30:06,16.37,S,2000
09:30:06,16.37,S,2000
09:30:06,16.37,S,100
09:30:06,16.37,S,600
09:30:06,16.37,S,5000
09:30:06,16.37,S,500
09:30:06,16.37,S,1200
09:30:06,16.37,S,15000
09:30:06,16.37,S,1800
09:30:06,16.37,S,500
09:30:06,16.38,B,1000
09:30:06,16.38,B,500
09:30:06,16.38,B,500
09:30:06,16.38,B,800
09:30:06,16.37,S,600
09:30:06,16.37,S,400
09:30:06,16.37,S,100
09:30:06,16.37,S,2000
09:30:06,16.37,S,100
09:30:06,16.37,S,400
09:30:06,16.37,S,100
09:30:06,16.37,S,800
09:30:06,16.38,B,1600
09:30:06,16.37,S,100
09:30:06,16.37,S,1000
09:30:06,16.37,S,500
09:30:06,16.37,S,1700
09:30:06,16.37,S,300
09:30:06,16.37,S,700
09:30:06,16.37,S,100
09:30:06,16.37,S,400
09:30:06,16.37,S,100
09:30:06,16.37,S,200
09:30:06,16.38,B,600
09:30:07,16.37,S,200
09:30:07,16.37,S,1000
09:30:07,16.37,S,500
09:30:07,16.37,S,600
09:30:07,16.37,S,4700
09:30:07,16.37,S,100
09:30:07,16.38,B,4000
09:30:07,16.38,B,10000
09:30:07,16.37,S,200
09:30:07,16.37,S,500
09:30:07,16.37,S,1000
09:30:07,16.37,S,500
09:30:07,16.37,S,9500
09:30:07,16.37,S,500
09:30:07,16.37,S,200
09:30:07,16.37,S,300
09:30:07,16.37,S,700
09:30:07,16.37,S,1300
09:30:07,16.37,S,500
09:30:07,16.37,S,5000
09:30:07,16.37,S,600
09:30:07,16.37,S,1000
09:30:07,16.37,S,500
09:30:07,16.37,S,100
09:30:08,16.37,S,9400
09:30:08,16.37,S,700
09:30:08,16.38,B,100
09:30:08,16.38,B,1000
09:30:08,16.37,S,300
09:30:08,16.37,S,200
09:30:08,16.37,S,300
09:30:08,16.37,S,5000
09:30:08,16.37,S,300
09:30:08,16.37,S,400
09:30:08,16.38,B,4800
09:30:08,16.37,S,1000
09:30:08,16.37,S,1600
09:30:08,16.37,S,200
09:30:08,16.37,S,700
09:30:09,16.37,S,4000
09:30:09,16.37,S,500
09:30:09,16.37,S,1000
09:30:09,16.37,S,500
09:30:09,16.37,S,900
09:30:09,16.37,S,2000
09:30:09,16.37,S,1300
09:30:09,16.37,S,2400
09:30:09,16.37,S,40000
09:30:09,16.38,B,100
09:30:09,16.37,S,500
09:30:09,16.37,S,1700
09:30:09,16.37,S,2500
09:30:10,16.37,S,100
09:30:10,16.38,B,14000
09:30:10,16.37,S,1500
09:30:10,16.37,S,500
09:30:10,16.37,S,400
09:30:10,16.37,S,300
09:30:10,16.37,S,200
09:30:10,16.37,S,2000
09:30:10,16.37,S,300
09:30:10,16.37,S,300
09:30:11,16.37,S,5160
09:30:11,16.37,S,4500
09:30:11,16.37,S,400
09:30:11,16.37,S,10000
09:30:11,16.37,S,900
09:30:11,16.38,B,500
09:30:11,16.37,S,6000
09:30:11,16.38,B,6000
09:30:11,16.37,S,1140
09:30:11,16.37,S,60
09:30:11,16.37,S,140
09:30:11,16.37,S,160
09:30:12,16.37,S,340
09:30:12,16.37,S,9660
09:30:12,16.37,S,340
09:30:12,16.37,S,200
09:30:12,16.37,S,160
09:30:12,16.38,B,100
09:30:12,16.38,B,1700
09:30:12,16.37,S,340
09:30:12,16.37,S,660
09:30:12,16.37,S,340
09:30:12,16.37,S,300
09:30:12,16.37,S,2000
09:30:12,16.37,S,200
09:30:12,16.37,S,160
09:30:12,16.38,B,12200
09:30:12,16.37,S,1840
09:30:12,16.37,S,160
09:30:13,16.37,S,1840
09:30:13,16.37,S,1000
09:30:13,16.37,S,100
09:30:13,16.37,S,400
09:30:13,16.37,S,1260
09:30:13,16.37,S,1000
09:30:13,16.37,S,740
09:30:13,16.37,S,260
09:30:13,16.37,S,240
09:30:13,16.37,S,300
09:30:13,16.37,S,200
09:30:13,16.37,S,1000
09:30:13,16.37,S,1000
09:30:13,16.37,S,600
09:30:13,16.37,S,1000
09:30:13,16.37,S,300
09:30:13,16.37,S,460
09:30:14,16.37,S,300
09:30:14,16.37,S,2540
09:30:14,16.37,S,60
09:30:15,16.37,S,4940
09:30:15,16.37,S,60
09:30:15,16.37,S,140
09:30:15,16.37,S,260
09:30:15,16.37,S,740
09:30:15,16.37,S,160
09:30:15,16.37,S,1340
09:30:15,16.37,S,200
09:30:15,16.37,S,1000
09:30:15,16.37,S,500
09:30:15,16.37,S,100
09:30:15,16.37,S,200
09:30:15,16.37,S,500
09:30:15,16.37,S,200
09:30:15,16.37,S,300
09:30:15,16.37,S,2000
09:30:15,16.37,S,160
09:30:16,16.38,B,500
09:30:16,16.37,S,140
09:30:16,16.37,S,360
09:30:16,16.37,S,140
09:30:16,16.37,S,160
09:30:17,16.37,S,500
09:30:18,16.38,B,1000
09:30:18,16.37,S,140
09:30:18,16.37,S,100
09:30:18,16.37,S,160
09:30:19,16.37,S,200
09:30:20,16.38,B,400
09:30:20,16.37,S,340
09:30:20,16.37,S,360
09:30:20,16.37,S,640
09:30:20,16.37,S,200
09:30:20,16.37,S,300
09:30:20,16.37,S,5000
09:30:20,16.37,S,100
09:30:20,16.37,S,1100
09:30:20,16.37,S,1000
09:30:20,16.37,S,100
09:30:20,16.37,S,300
09:30:20,16.37,S,1000
09:30:20,16.37,S,500
09:30:20,16.37,S,1000
09:30:20,16.37,S,500
09:30:20,16.37,S,100
09:30:20,16.37,S,5000
09:30:20,16.37,S,1000
09:30:20,16.37,S,100
09:30:20,16.37,S,5000
09:30:20,16.37,S,100
09:30:20,16.37,S,1000
09:30:20,16.37,S,100
09:30:20,16.37,S,10000
09:30:20,16.37,S,3000
09:30:20,16.37,S,1000
09:30:20,16.37,S,10100
09:30:20,16.37,S,200
09:30:20,16.37,S,1000
09:30:20,16.37,S,1000
09:30:20,16.37,S,1000
09:30:20,16.37,S,2000
09:30:20,16.37,S,1560
09:30:20,16.37,S,700
09:30:21,16.37,S,1340
09:30:21,16.37,S,2000
09:30:21,16.37,B,2100
09:30:21,16.37,B,200
09:30:22,16.37,B,4300
09:30:22,16.37,B,1000
09:30:22,16.37,B,200
09:30:23,16.36,S,3400
09:30:23,16.37,B,500
09:30:23,16.37,B,1400
09:30:23,16.37,B,700
09:30:23,16.37,B,1000
09:30:23,16.36,S,1800
09:30:23,16.37,B,500
09:30:25,16.37,B,4760
09:30:25,16.37,B,300
09:30:25,16.37,B,4940
09:30:25,16.36,S,2400
09:30:25,16.36,S,2000
09:30:25,16.36,S,100
09:30:25,16.36,S,600
09:30:25,16.36,S,500
09:30:25,16.36,S,1000
09:30:25,16.36,S,400
09:30:25,16.36,S,2000
09:30:25,16.36,S,300
09:30:25,16.36,S,400
09:30:25,16.36,S,800
09:30:25,16.36,S,500
09:30:25,16.36,S,100
09:30:25,16.36,S,700
09:30:25,16.37,B,300
09:30:25,16.37,B,1000
09:30:26,16.37,B,500
09:30:26,16.37,B,500
09:30:26,16.37,B,1000
09:30:26,16.37,B,200
09:30:27,16.37,B,4500
09:30:27,16.37,B,3960
09:30:27,16.37,B,1100
09:30:27,16.37,B,240
09:30:27,16.37,B,160
09:30:28,16.38,B,300
09:30:29,16.37,S,500
09:30:30,16.37,S,140
09:30:30,16.37,S,300
09:30:30,16.37,S,1000
09:30:30,16.37,S,160
09:30:30,16.38,B,1000
09:30:30,16.37,S,240
09:30:30,16.37,S,200
09:30:30,16.37,S,60
09:30:30,16.38,B,9900
09:30:31,16.38,B,400
09:30:31,16.38,B,100
09:30:31,16.38,B,600
09:30:31,16.38,B,200
09:30:31,16.37,S,1000
09:30:31,16.37,S,1000
09:30:32,16.38,B,400
09:30:32,16.37,S,1040
09:30:32,16.37,S,260
09:30:33,16.38,B,3500
09:30:33,16.37,S,740
09:30:33,16.37,S,260
09:30:34,16.38,B,2000
09:30:34,16.38,B,200
09:30:35,16.37,S,40
09:30:35,16.37,S,500
09:30:35,16.37,S,60
09:30:35,16.38,B,700
09:30:35,16.38,B,400
09:30:35,16.37,S,1940
09:30:36,16.37,B,8060
09:30:36,16.38,B,1940
09:30:37,16.37,S,100
09:30:37,16.37,S,1000
09:30:38,16.37,S,3000
09:30:39,16.38,B,2000
09:30:40,16.37,S,900
09:30:41,16.37,S,7200
09:30:41,16.37,S,1000
09:30:41,16.37,S,1000
09:30:41,16.37,S,500
09:30:41,16.37,S,300
09:30:41,16.38,B,1000
09:30:42,16.37,S,900
09:30:42,16.37,S,600
09:30:42,16.37,S,500
09:30:42,16.37,S,100
09:30:42,16.37,S,700
09:30:42,16.37,S,2000
09:30:42,16.37,S,500
09:30:42,16.37,S,1000
09:30:42,16.37,S,2000
09:30:42,16.37,S,5700
09:30:43,16.37,S,4300
09:30:43,16.37,S,500
09:30:43,16.37,S,2400
09:30:43,16.37,S,1500
09:30:43,16.37,S,500
09:30:44,16.38,B,300
09:30:44,16.38,B,3000
09:30:44,16.38,B,300
09:30:44,16.37,S,600
09:30:44,16.37,S,500
09:30:44,16.37,S,1000
09:30:44,16.37,S,7800
09:30:44,16.37,S,100
09:30:44,16.38,B,100
09:30:45,16.38,B,200
09:30:45,16.37,S,200
09:30:45,16.37,S,200
09:30:45,16.37,S,1800
09:30:45,16.37,S,2000
09:30:45,16.37,S,10000
09:30:45,16.37,S,300
09:30:45,16.37,S,200
09:30:45,16.37,S,800
09:30:45,16.37,B,300
09:30:46,16.37,B,500
09:30:46,16.37,B,1000
09:30:46,16.36,S,4300
09:30:46,16.36,S,10000
09:30:46,16.36,S,200
09:30:46,16.36,S,200
09:30:46,16.36,S,500
09:30:46,16.36,S,10000
09:30:46,16.36,S,2000
09:30:46,16.36,S,100
09:30:46,16.36,S,4000
09:30:46,16.36,S,1000
09:30:46,16.36,S,1000
09:30:46,16.36,S,100
09:30:46,16.36,S,800
09:30:46,16.36,S,1000
09:30:46,16.36,S,42100
09:30:46,16.37,B,300
09:30:47,16.37,B,4000
09:30:47,16.37,B,300
09:30:47,16.37,B,1400
09:30:47,16.37,B,1000
09:30:47,16.37,B,1000
09:30:47,16.37,B,1300
09:30:47,16.37,B,1000
09:30:47,16.37,B,200
09:30:47,16.37,B,5000
09:30:47,16.37,B,600
09:30:48,16.37,B,1300
09:30:48,16.37,B,1000
09:30:48,16.37,B,900
09:30:48,16.37,B,1100
09:30:48,16.37,B,1300
09:30:48,16.38,B,2200
09:30:48,16.38,B,200
09:30:49,16.38,B,5000
09:30:49,16.37,S,800
09:30:49,16.38,B,300
09:30:49,16.37,S,200
09:30:50,16.37,S,1000
09:30:50,16.37,S,600
09:30:50,16.37,S,100
09:30:50,16.37,S,500
09:30:50,16.37,S,300
09:30:50,16.37,S,100
09:30:50,16.37,B,400
09:30:51,16.37,S,1800
09:30:51,16.37,S,3200
09:30:51,16.37,S,5000
09:30:51,16.38,B,500
09:30:52,16.37,S,1800
09:30:52,16.37,S,400
09:30:52,16.37,S,1400
09:30:52,16.37,S,1400
09:30:52,16.38,B,2000
09:30:53,16.37,S,600
09:30:53,16.37,S,500
09:30:53,16.37,S,900
09:30:53,16.38,B,1200
09:30:53,16.37,S,1400
09:30:53,16.37,S,1600
09:30:54,16.37,S,100
09:30:54,16.37,S,3000
09:30:55,16.37,S,1200
09:30:55,16.37,S,4100
09:30:55,16.37,S,1300
09:30:55,16.37,S,3000
09:30:55,16.37,S,1600
09:30:56,16.37,S,1000
09:30:56,16.38,B,5000
09:30:57,16.38,B,12200
09:30:57,16.38,B,300
09:30:58,16.37,S,2600
09:30:58,16.37,S,1000
09:30:58,16.38,B,9300
09:30:58,16.37,S,100
09:30:58,16.37,S,5000
09:30:58,16.37,S,1200
09:30:58,16.37,S,400
09:30:58,16.37,S,5000
09:30:58,16.37,S,2400
09:30:58,16.37,S,500
09:30:58,16.37,S,2400
09:30:58,16.36,S,7900
09:30:58,16.36,S,500
09:30:58,16.36,S,500
09:30:58,16.36,S,1000
09:30:58,16.36,S,400
09:30:58,16.36,S,100
09:30:58,16.36,S,300
09:30:58,16.36,S,1000
09:30:58,16.36,S,1000
09:30:58,16.36,S,500
09:30:58,16.36,S,100
09:30:58,16.36,S,200
09:30:58,16.36,S,500
09:30:58,16.36,S,600
09:30:58,16.36,S,5600
09:30:58,16.36,S,4600
09:30:58,16.38,B,400
09:30:58,16.38,B,1000
09:30:58,16.38,B,400
09:30:59,16.38,B,10000
09:30:59,16.38,B,300
09:31:00,16.38,B,2000
09:31:00,16.37,S,500
09:31:01,16.37,S,4500
09:31:01,16.37,S,9400
09:31:01,16.37,S,100
09:31:01,16.37,S,1000
09:31:01,16.38,B,2000
09:31:02,16.38,B,500
09:31:03,16.38,B,200
09:31:03,16.38,B,3000
09:31:04,16.38,B,51
09:31:04,16.38,B,949
09:31:04,16.37,S,200
09:31:04,16.37,S,3000
09:31:04,16.37,S,9500
09:31:04,16.37,S,500
09:31:04,16.38,B,500
09:31:05,16.37,S,800
09:31:05,16.38,B,300
09:31:05,16.37,S,4000
09:31:05,16.38,B,1000
09:31:05,16.38,B,1251
09:31:05,16.38,B,100
09:31:05,16.38,B,649
09:31:06,16.37,S,100
09:31:07,16.38,B,2051
09:31:07,16.38,B,1800
09:31:07,16.38,B,100
09:31:07,16.38,B,1800
09:31:07,16.38,B,2749
09:31:07,16.38,B,1500
09:31:07,16.38,B,751
09:31:07,16.38,B,100
09:31:07,16.38,B,900
09:31:07,16.38,B,2449
09:31:08,16.38,B,200
09:31:08,16.37,S,100
09:31:08,16.37,S,1500
09:31:08,16.37,S,400
09:31:08,16.38,B,500
09:31:08,16.38,B,1851
09:31:08,16.38,B,308
09:31:08,16.38,B,100
09:31:08,16.38,B,1741
09:31:08,16.37,S,1100
09:31:09,16.37,S,200
09:31:09,16.38,B,300
09:31:09,16.37,S,14
09:31:09,16.38,B,2000
09:31:09,16.38,B,100
09:31:09,16.37,S,500
09:31:09,16.37,S,200
09:31:10,16.37,S,2586
09:31:10,16.37,S,2400
09:31:10,16.37,S,500
09:31:10,16.37,S,500
09:31:10,16.37,S,500
09:31:10,16.37,S,3514
09:31:11,16.38,B,800
09:31:11,16.37,S,1500
09:31:12,16.38,B,4100
09:31:12,16.38,B,300
09:31:13,16.37,S,11900
09:31:13,16.37,S,2000
09:31:13,16.38,B,500
09:31:13,16.37,S,10000
09:31:14,16.38,B,10000
09:31:14,16.37,S,1500
09:31:15,16.38,B,300
09:31:15,16.37,S,1000
09:31:15,16.38,B,200
09:31:15,16.37,S,2400
09:31:15,16.38,B,300
09:31:16,16.38,B,10000
09:31:16,16.38,B,3000
09:31:16,16.38,B,100
09:31:17,16.37,S,700
09:31:17,16.37,S,2000
09:31:17,16.38,B,400
09:31:17,16.38,B,400
09:31:17,16.37,S,30000
09:31:18,16.38,B,500
09:31:19,16.37,S,100
09:31:19,16.37,S,8800
09:31:19,16.38,B,3000
09:31:19,16.38,B,200
09:31:19,16.38,B,100
09:31:19,16.38,B,100000
09:31:20,16.37,S,2300
09:31:20,16.37,S,2000
09:31:20,16.38,B,1659
09:31:20,16.38,B,100
09:31:20,16.38,B,1000
09:31:20,16.38,B,3241
09:31:20,16.38,B,5000
09:31:20,16.37,S,2000
09:31:21,16.38,B,500
09:31:21,16.38,B,300
09:31:21,16.37,S,4000
09:31:21,16.37,S,11000
09:31:22,16.37,S,1800
09:31:22,16.37,S,1400
09:31:23,16.37,S,86
09:31:23,16.37,S,200
09:31:23,16.37,S,400
09:31:23,16.37,S,800
09:31:23,16.37,S,4714
09:31:23,16.38,B,1300
09:31:23,16.38,B,8000
09:31:23,16.37,S,286
09:31:23,16.37,S,700
09:31:23,16.37,S,1000
09:31:23,16.37,S,14
09:31:23,16.38,B,1000
09:31:24,16.38,B,1000
09:31:24,16.38,B,1000
09:31:25,16.38,B,8659
09:31:25,16.38,B,1000
09:31:25,16.38,B,300
09:31:25,16.38,B,41
09:31:25,16.38,B,1859
09:31:25,16.38,B,2500
09:31:25,16.38,B,1200
09:31:25,16.38,B,600
09:31:25,16.38,B,5000
09:31:25,16.38,B,3000
09:31:25,16.38,B,841
09:31:25,16.37,S,1400
09:31:25,16.38,B,159
09:31:25,16.38,B,69
09:31:25,16.38,B,100
09:31:25,16.38,B,300
09:31:25,16.38,B,372
09:31:25,16.38,B,200
09:31:26,16.38,B,1000
09:31:26,16.37,S,786
09:31:26,16.37,S,500
09:31:26,16.37,S,714
09:31:26,16.38,B,600
09:31:26,16.37,S,286
09:31:26,16.37,S,10000
09:31:26,16.37,S,3400
09:31:26,16.37,S,2500
09:31:26,16.37,S,6014
09:31:26,16.38,B,47828
09:31:26,16.38,B,200
09:31:26,16.38,B,400
09:31:26,16.38,B,100
09:31:26,16.38,B,4100
09:31:26,16.38,B,200
09:31:26,16.38,B,1000
09:31:26,16.38,B,6760
09:31:26,16.38,B,1000
09:31:26,16.38,B,1000
09:31:26,16.38,B,3000
09:31:26,16.38,B,2000
09:31:26,16.38,B,400
09:31:26,16.38,B,13100
09:31:26,16.38,B,1000
09:31:26,16.38,B,1100
09:31:26,16.38,B,2000
09:31:26,16.38,B,434
09:31:26,16.38,B,4900
09:31:26,16.38,B,3000
09:31:26,16.38,B,1500
09:31:26,16.38,B,4978
09:31:27,16.38,B,5000
09:31:27,16.37,S,1800
09:31:27,16.37,S,2000
09:31:27,16.37,S,507
09:31:27,16.38,B,400
09:31:28,16.38,B,1000
09:31:28,16.38,B,500
09:31:28,16.37,S,1500
09:31:29,16.38,B,4000
09:31:29,16.38,B,3000
09:31:29,16.37,S,600
09:31:29,16.38,B,1600
09:31:29,16.38,B,300
09:31:29,16.38,B,4222
09:31:29,16.38,B,500
09:31:29,16.38,B,400
09:31:29,16.38,B,2000
09:31:29,16.38,B,200
09:31:29,16.38,B,1000
09:31:29,16.38,B,500
09:31:29,16.38,B,378
09:31:30,16.37,S,300
09:31:30,16.38,B,122
09:31:30,16.38,B,378
09:31:30,16.38,B,5000
09:31:30,16.37,S,7279
09:31:30,16.37,S,1000
09:31:30,16.37,S,200
09:31:30,16.37,S,200
09:31:30,16.37,S,121
09:31:31,16.38,B,1000
09:31:31,16.38,B,1000
09:31:31,16.38,B,1000
09:31:31,16.37,S,200
09:31:31,16.38,B,600
09:31:31,16.38,B,2522
09:31:31,16.38,B,2478
09:31:32,16.38,B,3000
09:31:32,16.37,S,179
09:31:32,16.37,S,600
09:31:32,16.37,S,200
09:31:32,16.37,S,321
09:31:32,16.38,B,1000
09:31:32,16.38,B,1000
09:31:32,16.38,B,400
09:31:32,16.38,B,9622
09:31:32,16.38,B,500
09:31:32,16.38,B,1478
09:31:33,16.38,B,3022
09:31:33,16.38,B,1000
09:31:33,16.38,B,5978
09:31:33,16.38,B,100
09:31:33,16.38,B,500
09:31:33,16.38,B,100
09:31:33,16.37,S,1400
09:31:34,16.38,B,1000
09:31:34,16.38,B,2322
09:31:34,16.38,B,1000
09:31:34,16.38,B,6678
09:31:34,16.38,B,13322
09:31:34,16.38,S,4000
09:31:35,16.38,S,20000
09:31:35,16.39,B,300
09:31:35,16.39,B,500
09:31:35,16.39,B,200
09:31:37,16.38,S,700
09:31:38,16.38,S,500
09:31:38,16.38,S,2000
09:31:39,16.39,B,300
09:31:40,16.38,S,11100
09:31:40,16.38,S,4200
09:31:41,16.38,S,7000
09:31:42,16.38,S,100
09:31:42,16.38,S,13800
09:31:43,16.38,S,13278
09:31:43,16.38,S,222
09:31:43,16.39,B,600
09:31:43,16.39,B,1000
09:31:43,16.39,B,3400
09:31:44,16.38,S,300
09:31:44,16.38,S,1478
09:31:44,16.38,S,122
09:31:44,16.38,S,1278
09:31:44,16.38,S,100
09:31:44,16.38,S,1000
09:31:44,16.38,S,100
09:31:44,16.38,S,10000
09:31:44,16.38,S,2000
09:31:44,16.38,S,2000
09:31:44,16.38,S,4822
09:31:44,16.39,B,300
09:31:45,16.38,S,1000
09:31:45,16.38,S,6778
09:31:45,16.38,S,1000
09:31:45,16.38,S,700
09:31:45,16.38,S,2522
09:31:47,16.38,S,700
09:31:47,16.38,S,100
09:31:47,16.39,B,2200
09:31:47,16.39,B,600
09:31:47,16.39,B,2200
09:31:48,16.39,B,2300
09:31:48,16.39,B,100
09:31:48,16.39,B,12600
09:31:48,16.38,S,5300
09:31:48,16.39,B,500
09:31:49,16.38,S,7000
09:31:49,16.38,S,300
09:31:49,16.39,B,3000
09:31:49,16.38,S,1300
09:31:50,16.38,S,1000
09:31:50,16.39,B,800
09:31:50,16.38,S,1431
09:31:51,16.38,S,347
09:31:51,16.38,S,1300
09:31:51,16.38,S,500
09:31:51,16.38,S,500
09:31:51,16.38,S,2000
09:31:51,16.38,S,3753
09:31:51,16.38,S,2000
09:31:51,16.39,B,2000
09:31:51,16.38,S,800
09:31:52,16.38,S,1000
09:31:52,16.38,S,700
09:31:52,16.39,B,200
09:31:52,16.39,B,10000
09:31:53,16.39,B,1000
09:31:53,16.38,S,1000
09:31:53,16.39,B,200
09:31:53,16.39,B,600
09:31:54,16.39,B,4000
09:31:54,16.39,B,9700
09:31:54,16.39,B,300
09:31:54,16.38,S,11000
09:31:54,16.38,S,800
09:31:54,16.38,S,9700
09:31:55,16.39,B,300
09:31:55,16.38,S,4200
09:31:55,16.38,S,1400
09:31:55,16.38,S,1000
09:31:55,16.38,S,4200
09:31:56,16.39,B,1900
09:31:56,16.39,B,500
09:31:56,16.4,B,500
09:31:56,16.4,B,500
09:31:56,16.4,B,200
09:31:56,16.4,B,3300
09:31:56,16.4,B,4000
09:31:56,16.4,B,200
09:31:56,16.4,B,900
09:31:56,16.4,B,5000
09:31:56,16.4,B,3000
09:31:56,16.4,B,4200
09:31:56,16.4,B,800
09:31:56,16.4,B,1000
09:31:56,16.4,B,9000
09:31:56,16.4,B,10000
09:31:56,16.4,B,2000
09:31:56,16.4,B,500
09:31:56,16.4,B,300
09:31:56,16.4,B,10700
09:31:56,16.4,B,200
09:31:56,16.39,S,4200
09:31:56,16.39,S,800
09:31:56,16.39,S,7400
09:31:57,16.39,S,2900
09:31:57,16.39,S,300
09:31:57,16.38,S,1800
09:31:57,16.4,B,100
09:31:58,16.39,S,100
09:31:58,16.39,S,1900
09:31:58,16.39,S,100
09:31:59,16.39,S,100
09:31:59,16.39,S,100
09:31:59,16.39,S,2400
09:31:59,16.38,S,6300
09:31:59,16.39,S,1000
09:31:59,16.39,S,400
09:31:59,16.39,S,100
09:31:59,16.38,S,347
09:31:59,16.38,S,3700
09:31:59,16.38,S,5000
09:31:59,16.38,S,48963
09:32:00,16.39,S,200
09:32:00,16.39,S,1800
09:32:00,16.39,S,1000
09:32:00,16.39,S,8400
09:32:00,16.39,S,500
09:32:00,16.38,S,13100
09:32:00,16.39,S,400
09:32:00,16.38,S,21237
09:32:00,16.38,S,2000
09:32:00,16.38,S,3000
09:32:00,16.38,S,2000
09:32:00,16.38,S,500
09:32:00,16.38,S,2000
09:32:00,16.38,S,1700
09:32:00,16.38,S,300
09:32:00,16.38,S,1400
09:32:00,16.38,S,5000
09:32:00,16.38,S,1100
09:32:00,16.38,S,500
09:32:00,16.38,S,500
09:32:00,16.38,S,1000
09:32:00,16.38,S,700
09:32:00,16.38,S,10000
09:32:00,16.38,S,1000
09:32:00,16.38,S,4463
09:32:01,16.39,S,1000
09:32:01,16.39,S,1000
09:32:01,16.39,S,3900
09:32:01,16.39,S,6600
09:32:02,16.39,S,200
09:32:02,16.39,S,700
09:32:03,16.39,S,8600
09:32:03,16.39,S,900
09:32:03,16.4,B,600
09:32:04,16.4,B,100
09:32:04,16.4,B,2600
09:32:04,16.4,B,9600
09:32:04,16.4,B,2500
09:32:04,16.4,B,10000
09:32:04,16.4,B,4200
09:32:04,16.4,S,2900
09:32:04,16.4,S,1000
09:32:05,16.4,S,400
09:32:06,16.4,S,1300
09:32:07,16.4,S,1700
09:32:07,16.4,S,8700
09:32:08,16.4,S,2600
09:32:08,16.4,S,2400
09:32:08,16.39,S,4000
09:32:08,16.39,S,600
09:32:10,16.4,S,100
09:32:10,16.39,S,2500
09:32:10,16.39,S,1000
09:32:10,16.39,S,300
09:32:10,16.39,S,1000
09:32:10,16.39,S,500
09:32:10,16.39,S,100
09:32:10,16.39,S,600
09:32:10,16.39,S,200
09:32:10,16.39,S,100
09:32:10,16.39,S,900
09:32:10,16.39,S,1100
09:32:10,16.4,B,10000
09:32:11,16.39,S,3900
09:32:11,16.39,S,2500
09:32:11,16.39,S,7500
09:32:11,16.39,S,900
09:32:11,16.39,S,100
09:32:12,16.39,S,1000
09:32:12,16.39,S,500
09:32:12,16.39,S,100
09:32:12,16.39,S,400
09:32:12,16.39,S,500
09:32:12,16.39,S,1000
09:32:12,16.39,S,500
09:32:12,16.39,S,100
09:32:12,16.39,S,12100
09:32:12,16.39,S,6900
09:32:12,16.39,S,5700
09:32:13,16.4,B,500
09:32:13,16.4,B,8700
09:32:13,16.4,B,1300
09:32:14,16.4,B,200
09:32:14,16.4,B,4900
09:32:14,16.4,B,100
09:32:14,16.4,B,100
09:32:15,16.4,B,200
09:32:15,16.39,S,1000
09:32:15,16.4,B,3800
09:32:15,16.4,B,3000
09:32:15,16.41,B,1800
09:32:15,16.41,B,1000
09:32:15,16.41,B,3000
09:32:15,16.41,B,4100
09:32:15,16.39,S,3300
09:32:15,16.39,S,500
09:32:15,16.39,S,1000
09:32:15,16.39,S,200
09:32:15,16.39,S,1200
09:32:15,16.39,S,500
09:32:15,16.39,S,1000
09:32:15,16.39,S,2300
09:32:15,16.39,S,200
09:32:15,16.39,S,500
09:32:15,16.39,S,1000
09:32:15,16.39,S,100
09:32:15,16.39,S,500
09:32:15,16.39,S,1000
09:32:15,16.39,S,11000
09:32:16,16.4,S,100
09:32:17,16.4,B,1000
09:32:17,16.4,B,1100
09:32:17,16.39,S,10000
09:32:17,16.39,S,1500
09:32:18,16.39,S,1000
09:32:19,16.4,B,200
09:32:19,16.4,B,1500
09:32:20,16.39,S,2200
09:32:20,16.4,B,400
09:32:20,16.4,B,100
09:32:21,16.4,B,2000
09:32:22,16.4,B,300
09:32:22,16.4,B,600
09:32:22,16.4,B,1000
09:32:22,16.39,S,1000
09:32:22,16.4,B,500
09:32:22,16.4,B,100
09:32:23,16.4,B,1100
09:32:23,16.4,B,4200
09:32:23,16.4,B,4700
09:32:23,16.4,B,500
09:32:23,16.4,B,2000
09:32:23,16.4,B,1000
09:32:23,16.4,B,300
09:32:24,16.4,B,1000
09:32:24,16.4,B,800
09:32:24,16.39,S,6400
09:32:24,16.4,B,900
09:32:24,16.4,B,1000
09:32:25,16.4,B,1000
09:32:25,16.4,B,600
09:32:25,16.4,B,10000
09:32:25,16.4,B,1000
09:32:25,16.4,B,300
09:32:25,16.4,B,4700
09:32:25,16.4,B,1600
09:32:25,16.4,B,100
09:32:25,16.4,B,400
09:32:26,16.39,S,11000
09:32:26,16.39,S,5900
09:32:26,16.39,S,5400
09:32:26,16.39,S,2000
09:32:26,16.39,S,100
09:32:26,16.39,S,100
09:32:26,16.39,S,10000
09:32:26,16.39,S,100
09:32:26,16.39,S,100
09:32:26,16.39,S,14300
09:32:26,16.4,B,2000
09:32:27,16.4,B,400
09:32:27,16.39,S,5900
09:32:27,16.39,S,1000
09:32:27,16.39,S,1900
09:32:27,16.4,B,700
09:32:27,16.4,B,1000
09:32:28,16.39,S,100
09:32:28,16.39,S,2400
09:32:28,16.39,S,16800
09:32:28,16.39,S,11500
09:32:28,16.39,S,1000
09:32:28,16.39,S,100
09:32:28,16.39,S,1500
09:32:29,16.39,S,400
09:32:29,16.39,S,3000
09:32:29,16.39,S,1000
09:32:29,16.39,S,500
09:32:29,16.39,S,1300
09:32:29,16.39,S,300
09:32:29,16.39,S,1000
09:32:29,16.39,S,900
09:32:29,16.4,B,400
09:32:29,16.4,B,100
09:32:29,16.4,B,100
09:32:29,16.4,B,600
09:32:29,16.4,B,600
09:32:29,16.4,B,300
09:32:29,16.4,B,2700
09:32:29,16.4,B,4200
09:32:29,16.41,B,3100
09:32:29,16.39,S,2100
09:32:29,16.39,S,1000
09:32:29,16.39,S,900
09:32:30,16.39,S,2100
09:32:30,16.39,S,800
09:32:30,16.39,S,200
09:32:30,16.39,S,2700
09:32:30,16.39,S,100
09:32:30,16.39,S,2300
09:32:30,16.39,S,100
09:32:30,16.39,S,400
09:32:30,16.39,S,5200
09:32:30,16.39,S,1000
09:32:30,16.39,S,1000
09:32:30,16.39,S,700
09:32:30,16.39,S,1500
09:32:30,16.38,S,537
09:32:30,16.38,S,500
09:32:30,16.38,S,2963
09:32:30,16.41,B,1200
09:32:30,16.41,B,200
09:32:30,16.4,S,2600
09:32:30,16.4,S,1000
09:32:30,16.4,B,16300
09:32:30,16.41,B,100
09:32:30,16.41,B,500
09:32:30,16.41,B,1400
09:32:30,16.4,S,12800
09:32:30,16.41,B,500
09:32:31,16.4,S,800
09:32:31,16.41,B,200
09:32:31,16.41,B,200
09:32:32,16.41,B,1000
09:32:32,16.4,S,22100
09:32:32,16.4,S,6600
09:32:32,16.41,B,100
09:32:32,16.41,B,300
09:32:33,16.41,B,300
09:32:33,16.41,B,300
09:32:34,16.41,B,500
09:32:34,16.4,S,1300
09:32:34,16.4,S,6000
09:32:34,16.41,B,400
09:32:34,16.4,S,10100
09:32:34,16.4,S,500
09:32:34,16.4,S,4000
09:32:34,16.4,S,500
09:32:34,16.4,S,100
09:32:34,16.4,S,300
09:32:34,16.4,S,5000
09:32:34,16.4,S,500
09:32:34,16.4,S,1100
09:32:35,16.4,S,2400
09:32:35,16.4,S,1000
09:32:35,16.4,S,500
09:32:35,16.4,S,300
09:32:35,16.41,B,1000
09:32:35,16.41,B,200
09:32:35,16.41,B,2000
09:32:35,16.41,B,6400
09:32:35,16.41,B,6400
09:32:35,16.41,B,46100
09:32:36,16.41,B,500
09:32:36,16.4,S,4300
09:32:37,16.41,B,500
09:32:37,16.41,B,400
09:32:37,16.4,S,5400
09:32:37,16.4,S,500
09:32:37,16.4,S,200
09:32:37,16.4,S,4900
09:32:37,16.4,S,100
09:32:37,16.4,S,2000
09:32:37,16.4,S,400
09:32:37,16.4,S,500
09:32:37,16.4,S,300
09:32:37,16.4,S,500
09:32:37,16.4,S,1500
09:32:37,16.39,S,500
09:32:37,16.39,S,200
09:32:37,16.39,S,800
09:32:37,16.39,S,600
09:32:37,16.39,S,500
09:32:37,16.39,S,500
09:32:37,16.39,S,100
09:32:37,16.39,S,300
09:32:37,16.39,S,10000
09:32:37,16.39,S,3000
09:32:37,16.39,S,300
09:32:37,16.4,S,4200
09:32:38,16.41,B,400
09:32:38,16.41,B,3000
09:32:38,16.4,S,5800
09:32:38,16.4,S,10000
09:32:38,16.4,S,300
09:32:38,16.4,S,900
09:32:38,16.4,S,1100
09:32:38,16.4,B,500
09:32:38,16.39,S,200
09:32:38,16.39,S,400
09:32:38,16.39,S,500
09:32:38,16.38,S,3437
09:32:38,16.38,S,700
09:32:38,16.38,S,1000
09:32:38,16.38,S,1000
09:32:38,16.38,S,2000
09:32:38,16.38,S,200
09:32:38,16.38,S,500
09:32:38,16.38,S,500
09:32:38,16.38,S,100
09:32:38,16.38,S,800
09:32:38,16.38,S,400
09:32:38,16.38,S,2000
09:32:38,16.38,S,500
09:32:38,16.38,S,500
09:32:38,16.38,S,100
09:32:38,16.38,S,3000
09:32:38,16.38,S,1500
09:32:38,16.38,S,1563
09:32:39,16.38,S,2900
09:32:39,16.4,B,700
09:32:39,16.4,B,700
09:32:39,16.4,B,300
09:32:40,16.4,B,200
09:32:40,16.39,S,800
09:32:40,16.38,S,800
09:32:40,16.4,B,200
09:32:40,16.4,B,1000
09:32:41,16.39,S,1000
09:32:41,16.4,B,500
09:32:41,16.39,S,1000
09:32:41,16.4,B,2100
09:32:41,16.4,B,2900
09:32:41,16.4,B,400
09:32:41,16.4,B,600
09:32:41,16.4,B,600
09:32:41,16.4,B,400
09:32:42,16.39,S,4200
09:32:42,16.4,B,1000
09:32:42,16.4,B,2000
09:32:42,16.39,S,4800
09:32:42,16.39,S,3600
09:32:42,16.4,B,1000
09:32:42,16.39,S,8400
09:32:43,16.39,S,4100
09:32:43,16.39,S,3600
09:32:43,16.38,S,4900
09:32:43,16.4,B,2000
09:32:43,16.38,S,7637
09:32:43,16.38,S,1000
09:32:43,16.38,S,1400
09:32:43,16.38,S,700
09:32:43,16.38,S,500
09:32:43,16.38,S,1000
09:32:43,16.38,S,4563
09:32:43,16.39,S,100
09:32:43,16.38,S,5437
09:32:43,16.38,S,100
09:32:43,16.38,S,1000
09:32:43,16.38,S,200
09:32:43,16.38,S,1000
09:32:43,16.38,S,500
09:32:43,16.38,S,1000
09:32:43,16.38,S,2000
09:32:43,16.38,S,1000
09:32:43,16.38,S,1000
09:32:43,16.38,S,500
09:32:43,16.38,S,500
09:32:43,16.38,S,2463
09:32:43,16.4,B,10000
09:32:43,16.39,S,500
09:32:43,16.39,S,700
09:32:43,16.39,S,600
09:32:43,16.38,S,2400
09:32:43,16.4,B,900
09:32:44,16.4,B,2000
09:32:44,16.4,B,300
09:32:44,16.39,S,500
09:32:44,16.38,S,137
09:32:44,16.38,S,200
09:32:44,16.38,S,500
09:32:44,16.38,S,500
09:32:44,16.38,S,6563
09:32:44,16.4,B,100
09:32:44,16.39,B,200
09:32:44,16.4,B,400
09:32:44,16.4,B,1500
09:32:44,16.4,B,900
09:32:44,16.4,B,11800
09:32:45,16.4,B,2000
09:32:45,16.4,B,500
09:32:45,16.4,B,600
09:32:45,16.4,B,1000
09:32:45,16.4,B,200
09:32:45,16.4,B,3900
09:32:45,16.4,B,600
09:32:45,16.4,B,3300
09:32:45,16.4,B,2000
09:32:45,16.39,S,500
09:32:45,16.39,S,100
09:32:45,16.39,B,300
09:32:46,16.39,B,1000
09:32:46,16.38,S,2900
09:32:46,16.39,B,500
09:32:46,16.39,B,600
09:32:46,16.4,B,100
09:32:46,16.4,B,300
09:32:47,16.4,B,2300
09:32:47,16.39,S,4400
09:32:47,16.39,S,2000
09:32:47,16.38,S,1400
09:32:47,16.4,B,2000
09:32:47,16.4,B,2100
09:32:47,16.4,B,200
09:32:47,16.4,B,1700
09:32:47,16.4,B,2000
09:32:47,16.4,B,1100
09:32:48,16.39,S,200
09:32:48,16.39,S,100
09:32:48,16.39,B,500
09:32:48,16.39,B,500
09:32:48,16.39,B,5000
09:32:48,16.39,B,200
09:32:49,16.39,B,100
09:32:49,16.39,B,700
09:32:49,16.39,B,500
09:32:49,16.39,B,100
09:32:49,16.39,B,600
09:32:49,16.4,B,700
09:32:49,16.4,B,700
09:32:49,16.4,B,500
09:32:49,16.4,B,500
09:32:49,16.4,B,2000
09:32:50,16.38,S,200
09:32:50,16.4,B,800
09:32:50,16.4,B,200
09:32:50,16.4,B,1000
09:32:50,16.4,B,3100
09:32:50,16.4,B,8400
09:32:50,16.4,B,100
09:32:50,16.4,B,600
09:32:50,16.4,B,400
09:32:50,16.4,B,300
09:32:50,16.4,B,1000
09:32:50,16.39,S,500
09:32:50,16.38,S,1000
09:32:51,16.4,B,2900
09:32:51,16.4,B,7100
09:32:51,16.39,B,10000
09:32:51,16.39,B,1000
09:32:51,16.38,S,11000
09:32:51,16.39,B,600
09:32:51,16.4,B,18400
09:32:51,16.4,B,5023
09:32:51,16.4,B,2000
09:32:51,16.4,B,2000
09:32:51,16.4,B,10000
09:32:51,16.4,B,5000
09:32:51,16.4,B,577
09:32:52,16.4,B,423
09:32:52,16.41,B,77
09:32:52,16.4,S,400
09:32:52,16.4,S,3100
09:32:52,16.4,S,600
09:32:52,16.4,S,400
09:32:53,16.4,S,600
09:32:53,16.4,S,400
09:32:53,16.4,S,100
09:32:53,16.4,B,200
09:32:53,16.4,B,3000
09:32:53,16.41,B,1000
09:32:53,16.4,S,3000
09:32:53,16.41,B,3000
09:32:53,16.4,S,4000
09:32:53,16.41,B,500
09:32:53,16.4,S,200
09:32:53,16.4,S,400
09:32:53,16.4,S,200
09:32:54,16.4,S,400
09:32:54,16.39,S,1000
09:32:54,16.39,S,3000
09:32:54,16.38,S,2000
09:32:54,16.39,B,900
09:32:54,16.39,B,500
09:32:54,16.4,B,300
09:32:54,16.41,B,3923
09:32:54,16.41,B,277
09:32:54,16.38,S,500
09:32:54,16.41,B,1000
09:32:54,16.39,B,1000
09:32:55,16.38,S,4400
09:32:55,16.39,B,1000
09:32:55,16.39,B,25600
09:32:55,16.41,B,2923
09:32:55,16.41,B,4200
09:32:55,16.41,B,4200
09:32:55,16.41,B,2900
09:32:55,16.41,B,577
09:32:55,16.39,B,100
09:32:55,16.41,B,423
09:32:55,16.41,B,1000
09:32:55,16.41,B,477
09:32:56,16.41,B,2000
09:32:56,16.41,B,600
09:32:57,16.4,S,300
09:32:57,16.4,S,2600
09:32:57,16.4,S,400
09:32:57,16.4,S,200
09:32:57,16.4,S,1000
09:32:57,16.4,S,400
09:32:57,16.39,S,200
09:32:57,16.39,S,400
09:32:57,16.39,S,200
09:32:57,16.38,S,2200
09:32:57,16.38,S,300
09:32:57,16.39,B,2000
09:32:57,16.39,B,1000
09:32:58,16.39,B,1000
09:32:58,16.39,B,20000
09:32:58,16.39,B,5000
09:32:58,16.38,S,2837
09:32:58,16.38,S,163
09:32:58,16.39,B,200
09:32:58,16.39,B,100
09:32:58,16.39,B,200
09:32:59,16.39,B,500
09:32:59,16.39,B,1000
09:32:59,16.39,B,1000
09:32:59,16.38,S,937
09:32:59,16.38,S,300
09:32:59,16.38,S,200
09:32:59,16.38,S,6963
09:32:59,16.39,B,1600
09:32:59,16.39,S,1300
09:32:59,16.39,S,1100
09:32:59,16.39,S,200
09:32:59,16.39,S,2900
09:33:00,16.4,B,100
09:33:00,16.4,B,500
09:33:00,16.4,B,1400
09:33:00,16.4,B,3000
09:33:00,16.41,B,1123
09:33:00,16.41,B,5877
09:33:01,16.4,S,1000
09:33:01,16.4,S,500
09:33:02,16.4,S,800
09:33:02,16.4,S,4200
09:33:03,16.41,B,1000
09:33:03,16.41,B,200
09:33:03,16.4,S,500
09:33:03,16.4,S,500
09:33:03,16.4,S,2000
09:33:03,16.4,S,300
09:33:03,16.4,S,1000
09:33:03,16.4,S,1800
09:33:03,16.4,S,100
09:33:03,16.39,S,200
09:33:03,16.41,B,5000
09:33:03,16.41,B,200
09:33:04,16.4,S,1000
09:33:04,16.4,S,100
09:33:04,16.39,S,1500
09:33:04,16.39,S,800
09:33:04,16.41,B,1000
09:33:05,16.41,B,2000
09:33:06,16.4,S,100
09:33:06,16.4,S,500
09:33:06,16.4,S,500
09:33:06,16.4,S,300
09:33:06,16.4,S,2000
09:33:06,16.39,S,5100
09:33:06,16.4,S,300
09:33:07,16.4,B,500
09:33:07,16.4,B,200
09:33:07,16.41,B,600
09:33:07,16.41,B,100
09:33:08,16.4,S,1500
09:33:09,16.41,B,22423
09:33:09,16.41,B,1000
09:33:09,16.41,B,200
09:33:09,16.41,B,2900
09:33:09,16.41,B,2300
09:33:11,16.41,S,6400
09:33:11,16.41,S,10000
09:33:11,16.41,S,2900
09:33:11,16.42,B,200
09:33:11,16.42,B,5000
09:33:11,16.42,B,800
09:33:12,16.41,S,500
09:33:12,16.41,S,1500
09:33:12,16.41,S,800
09:33:14,16.41,S,20000
09:33:14,16.41,S,500
09:33:16,16.41,S,5000
09:33:17,16.42,B,1200
09:33:17,16.42,B,100
09:33:17,16.41,S,500
09:33:19,16.41,S,1000
09:33:19,16.41,S,500
09:33:20,16.41,S,3000
09:33:20,16.41,S,1500
09:33:20,16.41,S,600
09:33:20,16.41,S,5000
09:33:21,16.42,B,100
09:33:21,16.42,B,400
09:33:22,16.42,B,100
09:33:22,16.42,B,200
09:33:22,16.42,B,200
09:33:22,16.42,B,3100
09:33:22,16.42,B,1000
09:33:22,16.42,B,1800
09:33:22,16.42,B,100
09:33:22,16.42,B,500
09:33:22,16.41,S,500
09:33:22,16.42,B,2500
09:33:22,16.42,B,1000
09:33:22,16.42,B,6300
09:33:22,16.42,B,400
09:33:22,16.42,B,25900
09:33:22,16.43,B,100
09:33:22,16.43,B,1500
09:33:22,16.43,B,300
09:33:22,16.43,B,5000
09:33:22,16.43,B,500
09:33:23,16.41,S,1400
09:33:24,16.42,S,100
09:33:24,16.41,S,2900
09:33:24,16.41,S,4200
09:33:25,16.42,S,1000
09:33:25,16.42,B,400
09:33:25,16.41,S,2000
09:33:26,16.41,S,1177
09:33:26,16.41,S,1400
09:33:26,16.41,S,300
09:33:26,16.41,S,200
09:33:26,16.41,S,100
09:33:26,16.41,S,300
09:33:26,16.41,S,500
09:33:26,16.41,S,20623
09:33:26,16.42,B,300
09:33:26,16.42,B,1000
09:33:26,16.43,B,500
09:33:26,16.43,B,1000
09:33:26,16.43,B,2000
09:33:26,16.43,B,500
09:33:26,16.43,B,700
09:33:26,16.43,B,5300
09:33:27,16.42,S,1000
09:33:28,16.42,S,400
09:33:28,16.43,B,2000
09:33:28,16.43,B,400
09:33:28,16.43,B,1000
09:33:28,16.42,S,200
09:33:28,16.42,S,200
09:33:28,16.42,S,200
09:33:30,16.42,S,200
09:33:30,16.42,S,2800
09:33:30,16.42,S,200
09:33:30,16.42,S,800
09:33:30,16.42,S,1700
09:33:31,16.42,S,500
09:33:31,16.42,S,100
09:33:31,16.42,S,200
09:33:31,16.42,S,200
09:33:32,16.42,S,1000
09:33:32,16.42,S,4000
09:33:34,16.42,S,10000
09:33:34,16.42,S,900
09:33:35,16.42,S,400
09:33:35,16.42,S,500
09:33:35,16.43,B,11300
09:33:35,16.43,B,1000
09:33:35,16.43,B,9500
09:33:35,16.43,B,8700
09:33:35,16.43,B,1000
09:33:35,16.43,B,2000
09:33:35,16.43,B,14000
09:33:35,16.42,S,1500
09:33:35,16.42,S,10000
09:33:36,16.42,S,10000
09:33:36,16.42,S,400
09:33:36,16.43,B,34000
09:33:37,16.42,S,8600
09:33:37,16.42,S,1500
09:33:37,16.42,S,1000
09:33:37,16.42,S,1700
09:33:37,16.42,S,300
09:33:37,16.42,S,200
09:33:37,16.42,S,100
09:33:37,16.42,S,1400
09:33:38,16.43,B,2000
09:33:38,16.42,S,500
09:33:38,16.42,S,100
09:33:38,16.42,S,300
09:33:38,16.42,S,1000
09:33:39,16.42,S,200
09:33:39,16.43,B,8000
09:33:40,16.43,B,1200
09:33:41,16.42,S,900
09:33:41,16.42,S,1000
09:33:41,16.42,S,8100
09:33:41,16.43,B,300
09:33:41,16.42,S,1000
09:33:41,16.43,B,400
09:33:42,16.43,B,7600
09:33:42,16.42,S,900
09:33:42,16.42,S,100
09:33:42,16.42,S,900
09:33:42,16.42,S,1100
09:33:44,16.43,B,300
09:33:44,16.42,S,100
09:33:44,16.43,B,1900
09:33:45,16.43,B,2700
09:33:45,16.43,B,1000
09:33:45,16.42,S,600
09:33:45,16.42,S,900
09:33:46,16.42,S,1800
09:33:46,16.42,S,3300
09:33:46,16.42,S,1000
09:33:46,16.42,S,700
09:33:47,16.42,S,100
09:33:47,16.42,S,2000
09:33:47,16.42,S,800
09:33:47,16.42,S,100
09:33:47,16.42,S,400
09:33:47,16.42,S,1600
09:33:48,16.43,B,500
09:33:48,16.43,B,2500
09:33:48,16.43,B,2000
09:33:49,16.42,S,1400
09:33:49,16.42,S,500
09:33:49,16.42,S,1000
09:33:49,16.42,S,300
09:33:49,16.42,S,2700
09:33:49,16.42,S,300
09:33:49,16.42,S,8900
09:33:49,16.42,S,14900
09:33:49,16.43,B,500
09:33:49,16.43,B,700
09:33:50,16.43,B,200
09:33:50,16.43,B,10000
09:33:50,16.43,B,300
09:33:50,16.43,B,6400
09:33:50,16.43,B,3000
09:33:50,16.42,S,3000
09:33:52,16.42,S,300
09:33:52,16.43,B,100
09:33:52,16.42,S,1000
09:33:53,16.43,B,400
09:33:53,16.43,B,800
09:33:53,16.43,B,1000
09:33:53,16.43,B,7800
09:33:53,16.43,B,2000
09:33:54,16.43,B,3000
09:33:54,16.43,B,500
09:33:54,16.43,B,400
09:33:54,16.43,B,1500
09:33:54,16.42,S,500
09:33:54,16.43,B,15600
09:33:54,16.43,B,16900
09:33:54,16.43,B,300
09:33:55,16.43,B,1600
09:33:55,16.43,B,29400
09:33:55,16.43,B,1000
09:33:55,16.43,B,13100
09:33:55,16.43,B,5000
09:33:55,16.43,B,5000
09:33:55,16.43,B,500
09:33:55,16.43,B,1000
09:33:55,16.43,B,5000
09:33:55,16.44,B,400
09:33:55,16.44,B,100
09:33:55,16.44,B,4000
09:33:55,16.44,B,1100
09:33:55,16.44,B,500
09:33:55,16.44,B,6100
09:33:55,16.44,B,1200
09:33:55,16.44,B,5100
09:33:55,16.44,B,1500
09:33:55,16.44,B,12000
09:33:55,16.44,B,1000
09:33:55,16.44,B,5000
09:33:55,16.44,B,3300
09:33:55,16.44,B,5000
09:33:55,16.44,B,3000
09:33:55,16.44,B,500
09:33:55,16.44,B,4000
09:33:55,16.44,B,4000
09:33:55,16.44,B,10000
09:33:55,16.44,B,29700
09:33:56,16.43,S,100
09:33:56,16.43,S,500
09:33:56,16.42,S,2000
09:33:56,16.42,S,1500
09:33:57,16.43,B,100
09:33:57,16.43,B,5100
09:33:57,16.43,B,500
09:33:58,16.43,B,500
09:33:58,16.43,B,6400
09:33:58,16.43,B,600
09:33:58,16.43,B,4000
09:33:58,16.43,B,49000
09:33:58,16.43,B,1000
09:33:58,16.43,S,1600
09:33:58,16.44,B,2300
09:33:58,16.44,B,3500
09:33:58,16.44,B,1500
09:33:58,16.44,B,300
09:33:58,16.44,B,200
09:33:59,16.43,S,5000
09:33:59,16.43,S,2000
09:33:59,16.44,B,400
09:33:59,16.43,S,500
09:33:59,16.43,S,6400
09:33:59,16.44,B,400
09:33:59,16.44,B,2500
09:33:59,16.44,B,2900
09:34:00,16.43,S,500
09:34:00,16.43,S,1000
09:34:00,16.43,S,2000
09:34:00,16.43,S,2300
09:34:01,16.43,S,400
09:34:01,16.43,S,300
09:34:01,16.43,S,500
09:34:01,16.43,S,400
09:34:02,16.43,S,500
09:34:02,16.43,S,2800
09:34:02,16.43,S,1000
09:34:02,16.43,S,200
09:34:02,16.43,S,1000
09:34:02,16.43,S,300
09:34:02,16.43,S,300
09:34:02,16.43,S,1000
09:34:02,16.43,S,800
09:34:02,16.43,S,1000
09:34:02,16.43,S,1000
09:34:02,16.43,S,500
09:34:02,16.43,S,5000
09:34:02,16.42,S,35100
09:34:02,16.42,S,3000
09:34:02,16.42,S,100
09:34:02,16.44,B,100
09:34:03,16.43,S,400
09:34:03,16.44,B,7000
09:34:03,16.44,B,200
09:34:03,16.44,B,300
09:34:03,16.44,B,600
09:34:04,16.44,S,41900
09:34:04,16.44,B,5100
09:34:05,16.44,B,700
09:34:06,16.43,S,700
09:34:06,16.43,S,400
09:34:06,16.43,S,300
09:34:06,16.43,S,300
09:34:06,16.43,S,200
09:34:06,16.43,S,500
09:34:06,16.43,S,100
09:34:06,16.43,S,500
09:34:06,16.43,S,800
09:34:07,16.43,S,100
09:34:07,16.44,B,2500
09:34:07,16.43,S,100
09:34:07,16.43,S,1000
09:34:07,16.43,S,200
09:34:07,16.43,S,100
09:34:07,16.43,S,600
09:34:07,16.43,S,700
09:34:07,16.43,S,500
09:34:07,16.43,S,1400
09:34:08,16.43,S,1300
09:34:08,16.43,S,200
09:34:09,16.44,B,3000
09:34:09,16.43,S,1000
09:34:10,16.43,S,1000
09:34:10,16.44,B,1000
09:34:10,16.44,B,300
09:34:10,16.44,B,200
09:34:10,16.44,B,50000
09:34:10,16.43,S,100
09:34:10,16.43,S,500
09:34:10,16.43,S,2300
09:34:10,16.43,S,500
09:34:10,16.43,S,700
09:34:11,16.43,S,6500
09:34:11,16.43,S,2000
09:34:11,16.43,S,200
09:34:11,16.43,S,500
09:34:11,16.43,S,1200
09:34:11,16.43,S,600
09:34:11,16.43,S,2500
09:34:11,16.43,S,300
09:34:11,16.43,S,500
09:34:11,16.43,S,100
09:34:11,16.43,S,5200
09:34:11,16.43,S,400
09:34:11,16.43,S,600
09:34:11,16.43,S,400
09:34:12,16.43,S,100
09:34:12,16.43,S,1000
09:34:12,16.43,S,500
09:34:12,16.43,S,10000
09:34:12,16.43,S,300
09:34:12,16.43,S,3200
09:34:12,16.44,B,200
09:34:12,16.44,B,1000
09:34:12,16.44,B,5800
09:34:13,16.43,S,1800
09:34:13,16.43,S,2000
09:34:13,16.43,S,500
09:34:13,16.44,B,5800
09:34:13,16.44,B,4200
09:34:13,16.44,B,500
09:34:13,16.44,B,1700
09:34:13,16.44,B,1000
09:34:13,16.45,B,700
09:34:13,16.45,B,2000
09:34:13,16.45,B,700
09:34:13,16.45,B,300
09:34:13,16.45,B,3000
09:34:13,16.45,B,7300
09:34:14,16.45,B,19200
09:34:14,16.44,S,500
09:34:14,16.44,B,1000
09:34:15,16.44,B,1800
09:34:15,16.45,B,4000
09:34:15,16.44,S,5000
09:34:15,16.45,B,20100
09:34:15,16.45,B,46400
09:34:15,16.45,B,7000
09:34:15,16.45,B,500
09:34:15,16.45,B,1000
09:34:15,16.45,B,4000
09:34:15,16.45,B,7000
09:34:15,16.45,B,5000
09:34:15,16.45,B,1200
09:34:15,16.45,B,1000
09:34:15,16.45,B,2000
09:34:15,16.45,B,1000
09:34:15,16.45,B,600
09:34:15,16.45,B,1200
09:34:15,16.45,B,1000
09:34:15,16.45,B,7700
09:34:16,16.44,S,10100
09:34:17,16.45,B,2300
09:34:17,16.45,B,600
09:34:17,16.45,B,20000
09:34:18,16.44,S,5000
09:34:18,16.44,S,100
09:34:18,16.45,B,1000
09:34:19,16.44,S,1500
09:34:20,16.45,B,300
09:34:20,16.44,S,5000
09:34:20,16.44,S,1000
09:34:21,16.44,S,4000
09:34:21,16.45,B,900
09:34:22,16.45,B,2900
09:34:22,16.45,B,400
09:34:23,16.45,B,100
09:34:23,16.45,B,400
09:34:24,16.44,S,5000
09:34:25,16.44,S,1000
09:34:25,16.44,S,1600
09:34:26,16.45,B,200
09:34:26,16.45,B,800
09:34:26,16.45,B,300
09:34:26,16.44,S,500
09:34:26,16.45,B,1700
09:34:26,16.45,B,1500
09:34:27,16.45,B,1000
09:34:27,16.45,B,5400
09:34:27,16.44,S,500
09:34:28,16.45,B,3000
09:34:28,16.45,B,1000
09:34:28,16.45,B,3000
09:34:29,16.44,S,1600
09:34:30,16.44,S,10000
09:34:30,16.45,B,100
09:34:31,16.44,S,2000
09:34:31,16.45,B,200
09:34:31,16.45,B,1000
09:34:31,16.45,B,100
09:34:31,16.45,B,5000
09:34:32,16.45,B,600
09:34:32,16.45,B,500
09:34:33,16.44,S,1200
09:34:33,16.45,B,100
09:34:33,16.45,B,1000
09:34:33,16.45,B,1100
09:34:33,16.45,B,1000
09:34:33,16.45,B,7000
09:34:33,16.45,B,300
09:34:33,16.45,B,100
09:34:33,16.45,B,1500
09:34:33,16.44,S,1000
09:34:33,16.44,S,1000
09:34:33,16.44,S,1000
09:34:33,16.44,S,600
09:34:34,16.45,B,2000
09:34:35,16.44,S,4900
09:34:35,16.45,B,1000
09:34:35,16.45,B,1100
09:34:36,16.45,S,2000
09:34:37,16.45,S,1800
09:34:38,16.45,S,1000
09:34:38,16.45,S,1000
09:34:39,16.46,B,20000
09:34:39,16.46,B,1100
09:34:39,16.46,B,10000
09:34:39,16.46,B,500
09:34:39,16.46,B,10000
09:34:39,16.46,B,23000
09:34:39,16.46,B,600
09:34:39,16.46,B,500
09:34:39,16.46,B,100
09:34:39,16.46,B,500
09:34:39,16.46,B,1000
09:34:39,16.46,B,20000
09:34:39,16.46,B,500
09:34:39,16.46,B,5000
09:34:39,16.45,S,700
09:34:39,16.45,S,2158
09:34:39,16.45,S,5000
09:34:40,16.45,S,800
09:34:41,16.45,S,1700
09:34:41,16.45,S,1000
09:34:41,16.45,S,1400
09:34:41,16.45,S,650
09:34:41,16.45,S,400
09:34:41,16.45,S,1000
09:34:41,16.45,S,1000
09:34:41,16.45,S,1000
09:34:43,16.45,S,3800
09:34:43,16.45,S,10000
09:34:43,16.47,B,800
09:34:43,16.45,S,21700
09:34:44,16.46,S,3000
09:34:44,16.46,S,400
09:34:44,16.46,S,500
09:34:45,16.46,S,500
09:34:45,16.47,B,2900
09:34:46,16.46,S,600
09:34:46,16.46,S,300
09:34:46,16.46,S,1000
09:34:46,16.46,S,976
09:34:46,16.46,S,724
09:34:46,16.46,S,400
09:34:46,16.45,S,1376
09:34:47,16.47,B,11700
09:34:47,16.47,B,1200
09:34:47,16.47,B,1000
09:34:47,16.47,B,20000
09:34:47,16.47,B,1000
09:34:47,16.47,B,6000
09:34:47,16.47,B,1600
09:34:47,16.47,B,300
09:34:47,16.47,B,1200
09:34:47,16.47,B,1000
09:34:47,16.47,B,2000
09:34:47,16.47,B,500
09:34:47,16.47,B,300
09:34:47,16.47,B,1000
09:34:47,16.46,S,400
09:34:47,16.46,S,5000
09:34:47,16.47,B,6000
09:34:47,16.47,B,1000
09:34:47,16.47,B,3000
09:34:47,16.48,B,700
09:34:47,16.48,B,2000
09:34:47,16.48,B,200
09:34:47,16.48,B,2000
09:34:47,16.48,B,2000
09:34:47,16.48,B,800
09:34:47,16.48,B,2300
09:34:49,16.48,B,10700
09:34:49,16.48,B,1200
09:34:49,16.48,B,1014
09:34:49,16.48,B,2200
09:34:49,16.48,B,200
09:34:49,16.48,B,600
09:34:49,16.48,B,500
09:34:49,16.48,B,1000
09:34:49,16.48,B,31086
09:34:49,16.47,S,200
09:34:49,16.47,S,400
09:34:49,16.46,S,900
09:34:50,16.48,B,58914
09:34:50,16.48,B,2000
09:34:50,16.48,B,1300
09:34:50,16.48,B,5000
09:34:50,16.48,B,100
09:34:50,16.48,B,1000
09:34:50,16.48,B,900
09:34:50,16.48,B,600
09:34:50,16.48,B,1000
09:34:50,16.48,B,1000
09:34:50,16.48,B,986
09:34:50,16.46,S,500
09:34:50,16.47,B,5000
09:34:50,16.48,B,14
09:34:50,16.48,B,10000
09:34:50,16.49,B,1500
09:34:50,16.49,B,400
09:34:50,16.49,B,800
09:34:50,16.49,B,1000
09:34:50,16.49,B,1000
09:34:50,16.49,B,3000
09:34:50,16.49,B,500
09:34:50,16.49,B,1100
09:34:50,16.49,B,2000
09:34:50,16.49,B,3000
09:34:50,16.49,B,700
09:34:50,16.49,B,1000
09:34:50,16.49,B,3000
09:34:50,16.49,B,1600
09:34:50,16.49,B,786
09:34:50,16.49,B,714
09:34:50,16.49,B,3000
09:34:50,16.49,B,1700
09:34:50,16.49,B,600
09:34:50,16.49,B,1400
09:34:50,16.49,B,100
09:34:50,16.49,B,1300
09:34:50,16.49,B,2000
09:34:50,16.49,B,900
09:34:50,16.49,B,33900
09:34:50,16.49,B,500
09:34:50,16.49,B,2000
09:34:50,16.49,B,2000
09:34:50,16.49,B,3000
09:34:50,16.49,B,1000
09:34:50,16.49,B,700
09:34:50,16.49,B,2000
09:34:50,16.49,B,1386
09:34:50,16.46,S,200
09:34:50,16.47,B,5000
09:34:51,16.47,B,300
09:34:51,16.47,B,85000
09:34:51,16.47,B,5000
09:34:51,16.46,S,1400
09:34:52,16.46,S,22500
09:34:52,16.47,B,2000
09:34:53,16.46,S,200
09:34:53,16.47,B,100
09:34:53,16.46,S,11100
09:34:53,16.47,B,2600
09:34:53,16.47,B,2100
09:34:53,16.47,B,1200
09:34:53,16.47,B,2000
09:34:53,16.47,B,5000
09:34:54,16.49,B,114
09:34:54,16.49,B,986
09:34:54,16.47,S,500
09:34:54,16.49,B,12100
09:34:54,16.48,S,1000
09:34:55,16.49,B,7200
09:34:55,16.49,B,29714
09:34:55,16.49,B,1000
09:34:55,16.49,B,900
09:34:55,16.49,B,500
09:34:55,16.49,B,5000
09:34:55,16.49,B,5286
09:34:56,16.48,S,10000
09:34:56,16.48,S,700
09:34:56,16.48,S,3000
09:34:56,16.48,S,3000
09:34:57,16.48,S,100
09:34:57,16.48,S,1200
09:34:57,16.48,S,500
09:34:57,16.48,S,800
09:34:58,16.49,B,10700
09:34:58,16.48,S,5000
09:34:59,16.49,B,1000
09:34:59,16.48,S,500
09:34:59,16.48,S,500
09:35:00,16.48,S,3700
09:35:00,16.48,S,500
09:35:00,16.48,S,100
09:35:00,16.48,S,4300
09:35:01,16.48,S,1000
09:35:01,16.49,B,1200
09:35:01,16.49,B,1000
09:35:01,16.49,B,814
09:35:01,16.49,B,3400
09:35:01,16.49,B,1000
09:35:01,16.49,B,500
09:35:01,16.49,B,400
09:35:01,16.49,B,1600
09:35:01,16.49,B,3000
09:35:02,16.49,S,500
09:35:02,16.49,S,186
09:35:02,16.48,S,914
09:35:02,16.48,S,1500
09:35:03,16.48,S,1000
09:35:04,16.48,S,5000
09:35:04,16.49,B,4600
09:35:05,16.49,S,1800
09:35:05,16.49,S,900
09:35:05,16.49,S,7300
09:35:05,16.5,B,5800
09:35:05,16.5,B,4600
09:35:05,16.49,S,800
09:35:05,16.5,B,600
09:35:05,16.49,S,100
09:35:05,16.49,S,500
09:35:05,16.49,S,1300
09:35:05,16.49,S,6000
09:35:05,16.49,S,1500
09:35:06,16.49,B,200
09:35:06,16.49,B,300
09:35:06,16.49,B,1200
09:35:06,16.5,B,8800
09:35:07,16.5,B,500
09:35:07,16.49,S,600
09:35:08,16.49,B,400
09:35:08,16.5,B,800
09:35:08,16.5,B,1200
09:35:08,16.5,B,12900
09:35:08,16.5,B,1200
09:35:08,16.49,B,3000
09:35:08,16.48,S,35000
09:35:09,16.49,B,400
09:35:09,16.49,B,200
09:35:09,16.49,S,1400
09:35:09,16.48,S,600
09:35:09,16.49,B,100
09:35:09,16.49,B,200
09:35:10,16.49,B,1300
09:35:10,16.49,B,700
09:35:10,16.49,B,1300
09:35:10,16.49,B,1700
09:35:10,16.49,B,200
09:35:10,16.49,B,200
09:35:10,16.49,B,500
09:35:10,16.49,B,700
09:35:10,16.49,S,5000
09:35:11,16.49,S,2600
09:35:11,16.49,S,500
09:35:12,16.5,B,1000
09:35:12,16.49,S,2000
09:35:12,16.49,S,500
09:35:12,16.49,S,10000
09:35:13,16.5,B,500
09:35:14,16.49,S,1000
09:35:14,16.49,S,1400
09:35:14,16.49,S,4000
09:35:14,16.49,S,700
09:35:15,16.49,S,500
09:35:15,16.5,B,4000
09:35:15,16.5,B,7786
09:35:15,16.5,B,1000
09:35:15,16.5,B,2900
09:35:15,16.5,B,1500
09:35:15,16.5,B,100
09:35:15,16.5,B,1300
09:35:15,16.5,B,650
09:35:15,16.5,B,500
09:35:15,16.5,B,3700
09:35:15,16.5,B,500
09:35:15,16.5,B,3000
09:35:15,16.5,B,5000
09:35:15,16.5,B,600
09:35:15,16.5,B,5300
09:35:15,16.5,B,500
09:35:15,16.5,B,15000
09:35:15,16.5,B,10400
09:35:15,16.5,B,1000
09:35:15,16.5,B,1500
09:35:15,16.5,B,1274
09:35:15,16.5,B,400
09:35:15,16.5,B,1100
09:35:15,16.5,B,500
09:35:15,16.5,B,4200
09:35:15,16.5,B,3000
09:35:15,16.5,B,10700
09:35:15,16.5,B,1000
09:35:15,16.5,B,100
09:35:15,16.5,B,800
09:35:15,16.5,B,10000
09:35:15,16.5,B,10000
09:35:15,16.5,B,10000
09:35:15,16.5,B,500
09:35:15,16.5,B,61000
09:35:15,16.5,B,500
09:35:15,16.5,B,5000
09:35:15,16.5,B,100
09:35:15,16.5,B,500
09:35:15,16.5,B,1500
09:35:15,16.5,B,3000
09:35:15,16.5,B,1000
09:35:15,16.5,B,1800
09:35:15,16.5,B,1000
09:35:15,16.5,B,2500
09:35:15,16.5,B,1290
09:35:15,16.49,S,1400
09:35:15,16.49,S,10000
09:35:15,16.49,S,500
09:35:16,16.49,S,100
09:35:16,16.5,B,100
09:35:16,16.5,B,110
09:35:16,16.5,B,590
09:35:16,16.5,B,800
09:35:16,16.49,S,9100
09:35:16,16.49,S,200
09:35:16,16.49,S,600
09:35:16,16.49,S,100
09:35:16,16.49,S,100
09:35:16,16.49,S,500
09:35:17,16.5,B,100
09:35:17,16.5,B,200
09:35:17,16.5,B,300
09:35:17,16.49,S,200
09:35:17,16.49,S,300
09:35:17,16.49,S,300
09:35:17,16.49,S,100
09:35:17,16.49,S,500
09:35:17,16.49,S,400
09:35:17,16.49,S,120
09:35:17,16.49,S,800
09:35:18,16.49,S,80
09:35:18,16.49,S,420
09:35:18,16.5,B,300
09:35:18,16.5,B,600
09:35:19,16.5,B,1000
09:35:20,16.5,B,1400
09:35:20,16.5,B,18600
09:35:20,16.49,S,80
09:35:20,16.49,S,4920
09:35:20,16.49,S,500
09:35:20,16.49,S,2000
09:35:20,16.49,S,500
09:35:20,16.49,S,29100
09:35:20,16.49,S,500
09:35:21,16.5,B,1400
09:35:21,16.5,B,7700
09:35:21,16.49,S,1500
09:35:21,16.49,S,5000
09:35:21,16.49,S,500
09:35:21,16.5,B,300
09:35:21,16.5,B,4900
09:35:21,16.5,B,1000
09:35:21,16.5,B,1000
09:35:22,16.5,B,700
09:35:22,16.5,B,500
09:35:22,16.5,B,900
09:35:22,16.5,B,20700
09:35:22,16.5,B,900
09:35:22,16.5,B,3400
09:35:23,16.49,S,2000
09:35:23,16.5,B,300
09:35:23,16.5,B,2000
09:35:23,16.5,B,700
09:35:23,16.49,S,7500
09:35:23,16.5,B,300
09:35:23,16.5,B,700
09:35:23,16.49,S,1000
09:35:23,16.5,B,300
09:35:23,16.5,B,300
09:35:24,16.49,S,500
09:35:24,16.5,B,1000
09:35:24,16.5,B,700
09:35:24,16.5,B,2300
09:35:24,16.5,B,500
09:35:24,16.49,S,1400
09:35:25,16.49,S,11800
09:35:25,16.5,B,5000
09:35:25,16.5,B,600
09:35:25,16.49,S,1100
09:35:26,16.49,S,200
09:35:26,16.49,S,20000
09:35:26,16.5,B,1600
09:35:26,16.5,B,400
09:35:26,16.5,B,18000
09:35:27,16.49,S,9980
09:35:27,16.49,S,20
09:35:27,16.5,B,2500
09:35:27,16.49,S,380
09:35:27,16.49,S,1900
09:35:27,16.49,S,800
09:35:27,16.49,S,1220
09:35:28,16.5,B,1000
09:35:28,16.5,B,200
09:35:28,16.5,B,43300
09:35:28,16.5,B,6700
09:35:28,16.5,B,500
09:35:28,16.49,S,2680
09:35:28,16.49,S,100
09:35:28,16.49,S,400
09:35:28,16.49,S,100
09:35:28,16.49,S,300
09:35:28,16.49,S,200
09:35:28,16.49,S,1020
09:35:28,16.5,B,800
09:35:28,16.5,B,1200
09:35:28,16.5,B,2300
09:35:28,16.5,B,300
09:35:28,16.5,B,3600
09:35:28,16.5,B,3800
09:35:28,16.5,B,400
09:35:28,16.5,B,1000
09:35:28,16.51,B,200
09:35:29,16.5,S,3400
09:35:29,16.5,S,1000
09:35:30,16.5,S,2500
09:35:30,16.5,S,1000
09:35:30,16.5,S,1000
09:35:30,16.5,S,500
09:35:30,16.5,S,10000
09:35:30,16.49,S,980
09:35:30,16.49,S,50000
09:35:30,16.49,S,39020
09:35:30,16.49,S,400
09:35:30,16.49,S,1000
09:35:30,16.49,S,200
09:35:31,16.49,S,2000
09:35:31,16.49,S,100
09:35:31,16.5,B,200
09:35:31,16.5,B,3000
09:35:31,16.5,B,100
09:35:31,16.5,B,6700
09:35:31,16.49,S,600
09:35:31,16.49,S,1000
09:35:32,16.5,B,5000
09:35:32,16.5,B,100
09:35:33,16.5,B,5200
09:35:34,16.51,B,500
09:35:34,16.51,B,100
09:35:34,16.51,B,200
09:35:34,16.5,S,500
09:35:35,16.51,B,800
09:35:35,16.51,B,1100
09:35:35,16.51,B,2800
09:35:35,16.51,B,2500
09:35:35,16.51,B,1500
09:35:35,16.51,B,1000
09:35:35,16.51,B,1000
09:35:35,16.51,B,20000
09:35:35,16.51,B,1000
09:35:35,16.51,S,2000
09:35:35,16.51,S,1200
09:35:35,16.51,S,500
09:35:35,16.52,B,1500
09:35:35,16.52,B,200
09:35:36,16.51,S,800
09:35:36,16.51,S,100
09:35:37,16.51,S,800
09:35:37,16.52,B,100
09:35:37,16.51,S,2000
09:35:37,16.51,S,1000
09:35:38,16.51,S,500
09:35:38,16.51,S,10800
09:35:38,16.51,S,200
09:35:39,16.51,S,25600
09:35:39,16.51,S,1100
09:35:40,16.51,S,1400
09:35:40,16.51,S,2000
09:35:41,16.52,B,5800
09:35:41,16.51,S,1000
09:35:41,16.51,S,1000
09:35:42,16.51,S,300
09:35:42,16.52,B,400
09:35:43,16.51,S,4400
09:35:43,16.51,S,900
09:35:43,16.51,S,5000
09:35:43,16.51,S,1200
09:35:43,16.51,B,100
09:35:44,16.51,B,500
09:35:44,16.5,S,2200
09:35:44,16.5,S,2000
09:35:44,16.51,B,100
09:35:44,16.51,B,200
09:35:45,16.5,S,3000
09:35:45,16.51,B,10000
09:35:46,16.51,B,5500
09:35:46,16.51,B,200
09:35:46,16.5,S,1000
09:35:46,16.5,S,1400
09:35:47,16.51,B,2000
09:35:47,16.51,B,500
09:35:47,16.5,S,1500
09:35:48,16.51,B,200
09:35:48,16.51,B,3000
09:35:48,16.51,B,1000
09:35:48,16.51,B,1000
09:35:48,16.51,B,900
09:35:48,16.5,S,1000
09:35:49,16.51,B,1000
09:35:49,16.5,S,260
09:35:49,16.5,S,100
09:35:49,16.51,B,500
09:35:50,16.51,B,3000
09:35:50,16.51,B,3600
09:35:50,16.51,B,700
09:35:50,16.51,B,200
09:35:50,16.51,B,400
09:35:50,16.51,B,1600
09:35:50,16.51,S,300
09:35:50,16.51,S,8100
09:35:50,16.51,S,200
09:35:50,16.51,B,100
09:35:50,16.51,B,500
09:35:50,16.51,B,200
09:35:51,16.51,B,1000
09:35:51,16.51,B,100
09:35:51,16.51,B,4800
09:35:51,16.51,B,1100
09:35:51,16.51,B,500
09:35:51,16.51,B,2000
09:35:51,16.52,B,1600
09:35:52,16.51,S,100
09:35:52,16.5,S,900
09:35:52,16.51,S,500
09:35:52,16.51,S,2100
09:35:53,16.51,B,300
09:35:53,16.51,B,35000
09:35:53,16.51,B,3000
09:35:53,16.51,B,700
09:35:54,16.51,B,100
09:35:54,16.51,B,200
09:35:54,16.51,B,500
09:35:55,16.51,B,5000
09:35:55,16.51,B,1100
09:35:55,16.51,B,10000
09:35:55,16.51,B,44400
09:35:55,16.51,B,1000
09:35:55,16.51,B,2800
09:35:55,16.51,B,3800
09:35:55,16.51,B,500
09:35:55,16.51,B,10100
09:35:55,16.5,S,500
09:35:55,16.5,S,500
09:35:55,16.51,B,19900
09:35:55,16.51,B,2300
09:35:55,16.51,B,1000
09:35:55,16.51,B,11200
09:35:56,16.51,B,1700
09:35:56,16.51,B,500
09:35:56,16.51,B,4000
09:35:56,16.51,B,500
09:35:56,16.51,B,12100
09:35:56,16.51,B,500
09:35:56,16.51,B,500
09:35:56,16.51,S,500
09:35:56,16.51,S,2000
09:35:56,16.51,S,1000
09:35:57,16.51,S,13400
09:35:57,16.51,B,2000
09:35:57,16.51,B,2000
09:35:57,16.51,B,200
09:35:58,16.5,S,1500
09:35:58,16.51,B,17300
09:35:58,16.51,B,1500
09:35:58,16.51,B,700
09:35:58,16.52,B,5000
09:35:58,16.51,S,500
09:35:58,16.51,S,500
09:35:59,16.51,S,900
09:35:59,16.52,B,27100
09:35:59,16.52,B,100
09:35:59,16.52,B,4800
09:35:59,16.52,B,1000
09:35:59,16.52,B,500
09:35:59,16.52,B,1100
09:35:59,16.52,B,2600
09:35:59,16.51,S,500
09:36:00,16.52,B,3400
09:36:00,16.52,B,1000
09:36:00,16.52,B,100
09:36:00,16.51,S,500
09:36:00,16.51,S,500
09:36:00,16.51,S,1000
09:36:00,16.51,S,200
09:36:00,16.51,B,2800
09:36:00,16.52,B,700
09:36:00,16.51,S,100
09:36:00,16.51,B,300
09:36:01,16.51,S,2000
09:36:01,16.52,B,3600
09:36:01,16.52,B,500
09:36:01,16.51,S,300
09:36:01,16.52,B,1500
09:36:01,16.51,S,500
09:36:01,16.52,B,2600
09:36:01,16.52,B,200
09:36:01,16.52,B,200
09:36:02,16.51,S,1000
09:36:02,16.51,S,600
09:36:02,16.51,S,1000
09:36:02,16.51,S,10000
09:36:02,16.51,S,100
09:36:02,16.51,S,200
09:36:02,16.52,B,500
09:36:02,16.52,B,500
09:36:02,16.51,S,4800
09:36:02,16.51,S,3000
09:36:02,16.51,S,100
09:36:02,16.51,S,1000
09:36:02,16.51,B,100
09:36:02,16.51,B,1000
09:36:02,16.51,B,1000
09:36:02,16.52,B,3000
09:36:02,16.51,S,100
09:36:03,16.52,B,600
09:36:03,16.52,B,4400
09:36:03,16.52,B,300
09:36:03,16.52,B,300
09:36:03,16.52,B,1700
09:36:03,16.51,S,200
09:36:03,16.51,S,200
09:36:03,16.51,S,300
09:36:03,16.51,S,100
09:36:03,16.51,S,1400
09:36:03,16.51,S,3600
09:36:03,16.5,S,16400
09:36:03,16.51,S,100
09:36:04,16.51,B,200
09:36:04,16.51,B,700
09:36:04,16.51,B,1300
09:36:05,16.51,B,700
09:36:05,16.51,B,1300
09:36:05,16.5,S,2900
09:36:05,16.51,B,200
09:36:06,16.5,S,700
09:36:06,16.51,B,500
09:36:06,16.51,B,500
09:36:06,16.51,B,3000
09:36:06,16.51,B,23500
09:36:06,16.51,B,500
09:36:06,16.51,B,300
09:36:06,16.51,B,1000
09:36:06,16.52,B,1500
09:36:06,16.52,B,400
09:36:06,16.52,B,1000
09:36:06,16.52,B,1000
09:36:06,16.52,B,800
09:36:06,16.52,B,200
09:36:06,16.52,B,1000
09:36:06,16.52,B,1500
09:36:06,16.52,B,1000
09:36:06,16.52,B,300
09:36:06,16.52,B,1000
09:36:06,16.52,B,200
09:36:06,16.52,B,200
09:36:06,16.52,B,2500
09:36:06,16.51,S,1000
09:36:06,16.5,S,8440
09:36:06,16.5,S,100
09:36:06,16.5,S,3000
09:36:06,16.5,S,500
09:36:06,16.5,S,1000
09:36:06,16.5,S,4000
09:36:06,16.5,S,1000
09:36:06,16.5,S,900
09:36:06,16.5,S,60
09:36:07,16.51,B,200
09:36:07,16.51,S,500
09:36:07,16.51,B,800
09:36:07,16.5,S,140
09:36:07,16.5,S,460
09:36:07,16.51,B,1000
09:36:07,16.51,B,700
09:36:07,16.51,B,600
09:36:07,16.51,B,1000
09:36:07,16.52,B,7300
09:36:07,16.52,B,2700
09:36:07,16.51,S,1000
09:36:07,16.52,B,300
09:36:07,16.52,B,1500
09:36:07,16.52,B,5000
09:36:07,16.52,B,500
09:36:07,16.52,B,1000
09:36:07,16.52,B,4000
09:36:07,16.52,B,7000
09:36:07,16.52,B,700
09:36:08,16.52,B,2000
09:36:08,16.52,B,500
09:36:08,16.51,S,1000
09:36:08,16.52,B,1800
09:36:08,16.52,B,1400
09:36:08,16.51,S,200
09:36:09,16.51,S,700
09:36:09,16.51,S,100
09:36:09,16.51,S,500
09:36:09,16.51,S,100
09:36:09,16.51,S,100
09:36:09,16.51,S,2600
09:36:09,16.51,S,500
09:36:09,16.51,S,1000
09:36:09,16.51,S,500
09:36:09,16.51,S,3000
09:36:09,16.5,S,4740
09:36:09,16.5,S,100
09:36:09,16.5,S,10000
09:36:09,16.5,S,2200
09:36:09,16.5,S,300
09:36:09,16.5,S,5060
09:36:10,16.51,B,1600
09:36:10,16.51,S,1400
09:36:11,16.51,B,700
09:36:11,16.51,B,700
09:36:11,16.51,B,100
09:36:12,16.51,B,100
09:36:12,16.51,B,500
09:36:12,16.5,S,2200
09:36:12,16.51,B,1000
09:36:12,16.51,B,500
09:36:12,16.51,B,1200
09:36:12,16.52,B,2900
09:36:12,16.52,B,1500
09:36:12,16.52,B,300
09:36:12,16.52,B,1100
09:36:12,16.52,B,500
09:36:12,16.52,B,3000
09:36:12,16.52,B,5000
09:36:12,16.52,B,4000
09:36:12,16.52,B,5000
09:36:14,16.52,B,9000
09:36:14,16.51,S,200
09:36:14,16.51,S,500
09:36:14,16.51,S,100
09:36:14,16.51,S,900
09:36:14,16.51,S,100
09:36:14,16.51,S,1900
09:36:14,16.51,S,500
09:36:14,16.51,S,2000
09:36:14,16.51,S,1100
09:36:14,16.51,S,1300
09:36:14,16.51,S,300
09:36:14,16.51,S,6000
09:36:14,16.51,S,300
09:36:14,16.51,B,1500
09:36:14,16.51,B,3000
09:36:15,16.51,B,500
09:36:15,16.51,B,300
09:36:15,16.51,B,1900
09:36:15,16.51,B,1000
09:36:15,16.51,B,800
09:36:15,16.51,B,500
09:36:15,16.51,B,600
09:36:15,16.51,B,6500
09:36:15,16.51,B,500
09:36:15,16.52,B,4000
09:36:15,16.52,B,100
09:36:15,16.52,B,9000
09:36:15,16.52,B,500
09:36:15,16.52,B,1400
09:36:15,16.52,B,700
09:36:15,16.53,B,400
09:36:15,16.53,B,1500
09:36:15,16.53,B,15000
09:36:15,16.53,B,2500
09:36:15,16.53,B,500
09:36:15,16.53,B,1100
09:36:15,16.53,B,5000
09:36:15,16.53,B,3000
09:36:15,16.53,B,200
09:36:15,16.53,B,1000
09:36:15,16.53,B,3000
09:36:15,16.53,B,3000
09:36:15,16.53,B,800
09:36:15,16.53,B,3000
09:36:15,16.53,B,500
09:36:15,16.53,B,1500
09:36:15,16.53,B,500
09:36:15,16.53,B,1500
09:36:15,16.53,B,3000
09:36:15,16.53,B,2000
09:36:15,16.53,B,8000
09:36:15,16.53,B,500
09:36:15,16.53,B,15000
09:36:16,16.52,S,200
09:36:16,16.52,B,500
09:36:16,16.51,S,500
09:36:16,16.51,S,100
09:36:16,16.51,S,3000
09:36:16,16.51,S,800
09:36:16,16.51,B,1100
09:36:16,16.52,B,3000
09:36:17,16.51,S,100
09:36:17,16.52,B,1000
09:36:17,16.51,S,100
09:36:17,16.51,S,5000
09:36:17,16.5,S,1300
09:36:17,16.52,B,5000
09:36:17,16.52,B,300
09:36:17,16.52,B,500
09:36:18,16.51,S,1000
09:36:18,16.51,S,1000
09:36:18,16.51,S,5600
09:36:18,16.5,S,1440
09:36:18,16.5,S,100
09:36:18,16.5,S,1000
09:36:18,16.5,S,400
09:36:18,16.5,S,1360
09:36:18,16.51,B,5000
09:36:18,16.5,S,8640
09:36:18,16.5,S,600
09:36:18,16.5,S,1200
09:36:18,16.5,S,500
09:36:18,16.5,S,1000
09:36:18,16.5,S,100
09:36:18,16.5,S,2000
09:36:18,16.5,S,900
09:36:18,16.5,S,100
09:36:18,16.5,S,2000
09:36:18,16.5,S,1700
09:36:18,16.5,S,460
09:36:19,16.51,B,5000
09:36:19,16.52,B,3600
09:36:19,16.52,B,3000
09:36:19,16.52,B,2000
09:36:19,16.52,B,100
09:36:19,16.52,B,1000
09:36:19,16.52,B,500
09:36:19,16.52,B,500
09:36:19,16.52,B,400
09:36:19,16.52,B,32900
09:36:19,16.51,S,8700
09:36:19,16.51,S,10000
09:36:19,16.51,S,1000
09:36:19,16.51,S,100
09:36:19,16.52,B,1000
09:36:20,16.52,B,100
09:36:20,16.51,S,1400
09:36:20,16.52,B,200
09:36:20,16.51,S,3000
09:36:21,16.51,S,10700
09:36:21,16.52,B,15800
09:36:21,16.52,B,10000
09:36:21,16.52,B,600
09:36:21,16.52,B,700
09:36:21,16.52,B,4200
09:36:21,16.52,S,2000
09:36:21,16.52,S,5400
09:36:21,16.52,S,500
09:36:21,16.52,S,1400
09:36:21,16.52,S,300
09:36:21,16.52,S,700
09:36:21,16.52,S,300
09:36:21,16.52,S,3700
09:36:21,16.52,B,1900
09:36:21,16.51,S,400
09:36:22,16.52,B,500
09:36:22,16.52,B,200
09:36:22,16.52,B,100
09:36:22,16.52,B,1900
09:36:23,16.51,S,2000
09:36:23,16.51,S,500
09:36:23,16.52,B,100
09:36:23,16.52,B,900
09:36:23,16.52,B,100
09:36:23,16.52,B,900
09:36:23,16.52,B,100
09:36:23,16.52,B,400
09:36:23,16.52,B,300
09:36:23,16.51,S,1000
09:36:24,16.51,S,1000
09:36:24,16.52,B,300
09:36:24,16.52,B,500
09:36:24,16.51,S,6400
09:36:24,16.51,S,300
09:36:24,16.51,S,6400
09:36:25,16.51,S,12200
09:36:25,16.51,S,2000
09:36:25,16.51,S,19800
09:36:25,16.51,S,600
09:36:25,16.52,B,800
09:36:25,16.51,S,4200
09:36:25,16.52,B,1300
09:36:25,16.52,B,1000
09:36:26,16.51,S,1000
09:36:26,16.51,S,10700
09:36:27,16.51,S,4200
09:36:28,16.52,B,1800
09:36:28,16.52,B,4200
09:36:29,16.51,S,400
09:36:29,16.51,S,6400
09:36:29,16.51,S,1000
09:36:29,16.51,S,1000
09:36:29,16.51,S,3000
09:36:30,16.52,B,1000
09:36:31,16.51,S,700
09:36:31,16.51,S,500
09:36:31,16.51,S,100
09:36:31,16.51,S,300
09:36:31,16.52,B,1200
09:36:31,16.52,B,900
09:36:31,16.52,B,400
09:36:31,16.51,S,500
09:36:31,16.51,S,200
09:36:31,16.51,S,2800
09:36:32,16.51,S,3200
09:36:32,16.51,S,600
09:36:32,16.51,S,100
09:36:32,16.51,S,300
09:36:32,16.51,S,200
09:36:32,16.51,S,300
09:36:32,16.51,S,4300
09:36:32,16.51,S,100
09:36:32,16.51,S,3700
09:36:32,16.51,S,400
09:36:32,16.51,S,2900
09:36:32,16.52,B,1000
09:36:32,16.51,S,2000
09:36:33,16.51,S,1000
09:36:33,16.51,S,800
09:36:33,16.52,B,500
09:36:33,16.52,B,100
09:36:34,16.51,S,1100
09:36:34,16.52,B,700
09:36:34,16.51,S,33100
09:36:34,16.51,S,500
09:36:34,16.51,S,1200
09:36:34,16.51,S,1000
09:36:34,16.51,S,2000
09:36:34,16.51,S,5000
09:36:34,16.51,S,2300
09:36:34,16.51,S,500
09:36:34,16.51,S,2000
09:36:34,16.51,S,500
09:36:34,16.51,S,2800
09:36:34,16.51,S,300
09:36:34,16.51,S,2300
09:36:34,16.51,S,5000
09:36:34,16.51,S,2700
09:36:34,16.51,S,7300
09:36:34,16.51,S,1400
09:36:35,16.52,B,2300
09:36:35,16.52,B,700
09:36:35,16.52,B,1200
09:36:35,16.52,B,500
09:36:35,16.52,B,20000
09:36:35,16.52,B,2800
09:36:35,16.52,B,6300
09:36:36,16.51,S,1300
09:36:36,16.51,S,1000
09:36:36,16.51,S,700
09:36:36,16.51,S,10000
09:36:36,16.51,S,1000
09:36:36,16.51,S,4600
09:36:36,16.51,S,1000
09:36:36,16.51,S,13100
09:36:36,16.51,S,400
09:36:36,16.51,S,1000
09:36:36,16.51,S,1800
09:36:36,16.51,S,200
09:36:36,16.51,S,100
09:36:36,16.51,S,300
09:36:36,16.51,S,6300
09:36:36,16.51,S,8400
09:36:36,16.52,B,200
09:36:36,16.51,S,3000
09:36:36,16.51,S,500
09:36:37,16.51,S,10000
09:36:37,16.51,S,1200
09:36:37,16.51,S,1100
09:36:37,16.52,B,2000
09:36:37,16.51,S,4200
09:36:37,16.51,S,600
09:36:37,16.51,S,1000
09:36:37,16.51,S,8700
09:36:37,16.51,S,500
09:36:37,16.51,S,200
09:36:37,16.51,S,1600
09:36:38,16.52,B,500
09:36:38,16.52,B,100
09:36:38,16.52,B,500
09:36:38,16.51,S,1000
09:36:38,16.51,S,2900
09:36:38,16.52,B,300
09:36:39,16.51,S,342
09:36:39,16.52,B,100
09:36:39,16.52,B,900
09:36:39,16.51,S,6400
09:36:40,16.51,S,1200
09:36:40,16.52,B,1100
09:36:40,16.52,B,1800
09:36:40,16.52,B,5200
09:36:40,16.51,S,2558
09:36:40,16.51,S,2000
09:36:40,16.51,S,700
09:36:40,16.51,S,1142
09:36:40,16.51,S,858
09:36:40,16.51,S,142
09:36:40,16.51,S,358
09:36:40,16.51,S,6042
09:36:40,16.51,S,958
09:36:40,16.51,S,42
09:36:40,16.51,S,458
09:36:40,16.51,S,842
09:36:41,16.51,S,4400
09:36:41,16.51,S,1858
09:36:41,16.51,S,1000
09:36:41,16.51,S,200
09:36:41,16.51,S,900
09:36:41,16.51,S,1000
09:36:41,16.51,S,100
09:36:41,16.51,S,300
09:36:41,16.51,S,200
09:36:41,16.51,S,2000
09:36:41,16.51,S,100
09:36:41,16.51,S,3042
09:36:41,16.51,S,458
09:36:41,16.51,S,1000
09:36:41,16.51,S,300
09:36:41,16.51,S,2000
09:36:41,16.51,S,2642
09:36:41,16.51,S,2358
09:36:41,16.51,S,1842
09:36:41,16.51,S,300
09:36:41,16.52,B,200
09:36:42,16.51,S,1300
09:36:42,16.51,S,1858
09:36:42,16.51,S,200
09:36:42,16.5,S,1540
09:36:42,16.5,S,1402
09:36:42,16.51,B,400
09:36:42,16.51,S,1600
09:36:42,16.51,S,2000
09:36:42,16.51,S,2000
09:36:42,16.51,B,6200
09:36:43,16.51,B,1500
09:36:43,16.5,S,1100
09:36:43,16.51,B,300
09:36:43,16.51,B,700
09:36:44,16.51,B,1000
09:36:44,16.5,S,498
09:36:44,16.5,S,1502
09:36:44,16.51,B,4700
09:36:44,16.51,B,1000
09:36:44,16.51,B,2900
09:36:44,16.51,B,1400
09:36:44,16.51,B,500
09:36:44,16.51,B,800
09:36:44,16.51,B,800
09:36:44,16.51,B,8800
09:36:44,16.51,B,15000
09:36:44,16.51,B,4200
09:36:44,16.51,B,1000
09:36:45,16.51,S,1200
09:36:45,16.52,B,200
09:36:45,16.52,B,300
09:36:45,16.51,S,1000
09:36:45,16.52,B,300
09:36:45,16.52,B,300
09:36:45,16.51,S,11900
09:36:45,16.51,S,28200
09:36:46,16.51,S,1000
09:36:46,16.51,S,3000
09:36:46,16.51,S,5000
09:36:46,16.51,S,3300
09:36:46,16.51,S,1000
09:36:47,16.51,S,1000
09:36:47,16.52,B,500
09:36:47,16.52,B,100
09:36:47,16.52,B,600
09:36:47,16.51,S,1300
09:36:47,16.51,S,2000
09:36:47,16.52,B,1000
09:36:48,16.51,S,200
09:36:48,16.52,B,400
09:36:48,16.52,B,3400
09:36:48,16.52,B,4200
09:36:48,16.52,B,507
09:36:48,16.52,B,1893
09:36:48,16.51,S,2000
09:36:48,16.52,B,2000
09:36:48,16.52,B,1000
09:36:48,16.52,B,5107
09:36:48,16.52,B,20000
09:36:48,16.52,B,1000
09:36:48,16.52,B,2900
09:36:48,16.52,B,700
09:36:48,16.52,B,10000
09:36:48,16.52,B,100
09:36:48,16.52,B,500
09:36:48,16.52,B,2000
09:36:48,16.52,B,200
09:36:48,16.52,B,6400
09:36:48,16.52,B,1093
09:36:48,16.52,B,900
09:36:48,16.51,S,2000
09:36:48,16.51,S,4200
09:36:48,16.51,S,15000
09:36:49,16.51,S,15000
09:36:49,16.52,B,1000
09:36:49,16.51,S,4000
09:36:49,16.51,S,2800
09:36:49,16.51,S,1000
09:36:49,16.51,S,2000
09:36:49,16.52,B,500
09:36:49,16.51,S,6400
09:36:49,16.52,B,2000
09:36:49,16.52,B,100
09:36:50,16.52,B,5000
09:36:50,16.51,S,500
09:36:50,16.51,S,12000
09:36:50,16.51,S,5000
09:36:50,16.52,B,200
09:36:50,16.51,S,400
09:36:50,16.52,B,300
09:36:51,16.51,S,38600
09:36:51,16.51,S,600
09:36:51,16.51,S,100
09:36:51,16.51,S,700
09:36:51,16.51,S,300
09:36:51,16.51,S,2600
09:36:51,16.51,S,500
09:36:51,16.51,S,2000
09:36:51,16.51,S,300
09:36:51,16.51,S,200
09:36:51,16.51,S,7100
09:36:51,16.51,S,700
09:36:51,16.51,S,600
09:36:51,16.51,S,3000
09:36:51,16.52,B,500
09:36:52,16.52,B,2000
09:36:52,16.52,B,1000
09:36:52,16.51,S,300
09:36:52,16.52,B,1000
09:36:52,16.52,B,2000
09:36:52,16.52,B,5000
09:36:52,16.52,B,2000
09:36:52,16.51,S,1600
09:36:52,16.51,S,2900
09:36:52,16.51,S,1500
09:36:53,16.52,B,100
09:36:53,16.51,S,1500
09:36:53,16.51,S,500
09:36:53,16.51,S,500
09:36:53,16.51,S,6400
09:36:53,16.52,B,300
09:36:53,16.51,S,400
09:36:54,16.51,S,10000
09:36:54,16.52,B,2500
09:36:54,16.52,B,300
09:36:54,16.52,B,100
09:36:54,16.51,S,7400
09:36:54,16.51,S,100
09:36:54,16.51,S,2500
09:36:54,16.52,B,2000
09:36:55,16.52,B,92107
09:36:55,16.52,B,600
09:36:55,16.52,B,200
09:36:55,16.52,B,2000
09:36:55,16.52,B,21000
09:36:55,16.52,B,14900
09:36:55,16.52,B,100
09:36:55,16.52,B,100
09:36:55,16.52,B,500
09:36:55,16.52,B,6400
09:36:55,16.52,B,1000
09:36:55,16.52,B,500
09:36:55,16.52,B,1100
09:36:55,16.52,B,14800
09:36:55,16.52,B,593
09:36:55,16.52,B,200
09:36:55,16.52,B,207
09:36:55,16.52,B,293
09:36:55,16.52,B,3000
09:36:55,16.52,B,200
09:36:56,16.51,S,2000
09:36:56,16.52,B,600
09:36:56,16.52,B,400
09:36:56,16.51,S,17000
09:36:56,16.52,B,100
09:36:56,16.51,S,6400
09:36:56,16.52,B,1807
09:36:56,16.52,B,700
09:36:56,16.52,B,2493
09:36:57,16.52,B,3907
09:36:57,16.52,B,1500
09:36:57,16.52,B,593
09:36:57,16.51,S,72100
09:36:57,16.51,S,400
09:36:57,16.51,S,500
09:36:57,16.51,S,2000
09:36:57,16.51,S,500
09:36:57,16.51,S,100
09:36:57,16.51,S,10000
09:36:57,16.51,S,400
09:36:57,16.51,S,2800
09:36:57,16.52,B,300
09:36:57,16.51,S,100
09:36:57,16.52,B,500
09:36:57,16.51,S,5000
09:36:57,16.51,S,4200
09:36:57,16.51,S,600
09:36:58,16.52,B,3607
09:36:58,16.52,B,393
09:36:58,16.51,S,500
09:36:58,16.51,S,1500
09:36:58,16.51,S,1000
09:36:58,16.51,S,1000
09:36:58,16.51,S,1500
09:36:58,16.52,B,100
09:36:58,16.51,S,2000
09:36:58,16.52,B,1000
09:36:59,16.51,S,2500
09:36:59,16.52,B,2400
09:36:59,16.51,S,1000
09:36:59,16.51,S,1000
09:36:59,16.51,S,10000
09:36:59,16.52,B,5000
09:37:00,16.51,S,1000
09:37:00,16.52,B,1000
09:37:00,16.52,B,107
09:37:00,16.52,B,93
09:37:00,16.51,S,2900
09:37:00,16.51,S,500
09:37:00,16.52,B,5500
09:37:00,16.51,S,1000
09:37:01,16.52,B,500
09:37:01,16.52,B,1000
09:37:01,16.51,S,9900
09:37:01,16.51,S,100
09:37:01,16.51,S,2000
09:37:02,16.51,S,900
09:37:02,16.51,S,1000
09:37:02,16.51,S,500
09:37:02,16.51,S,300
09:37:02,16.51,S,6500
09:37:02,16.51,S,3000
09:37:02,16.51,S,4900
09:37:02,16.51,S,600
09:37:02,16.51,S,1000
09:37:02,16.51,S,2000
09:37:02,16.51,S,200
09:37:02,16.51,S,100
09:37:02,16.51,S,1000
09:37:02,16.51,S,100
09:37:02,16.51,S,300
09:37:02,16.51,S,1000
09:37:02,16.51,S,300
09:37:02,16.51,S,400
09:37:02,16.51,S,10000
09:37:02,16.5,S,498
09:37:02,16.5,S,9502
09:37:02,16.51,B,100
09:37:03,16.51,B,4100
09:37:03,16.51,B,1000
09:37:03,16.51,B,3400
09:37:03,16.5,S,1000
09:37:03,16.51,B,300
09:37:04,16.51,B,5000
09:37:04,16.51,B,1000
09:37:04,16.5,S,1400
09:37:04,16.51,B,7000
09:37:05,16.51,B,1200
09:37:05,16.51,B,300
09:37:06,16.51,B,200
09:37:06,16.51,B,5400
09:37:06,16.51,B,1000
09:37:06,16.5,S,800
09:37:07,16.5,S,600
09:37:07,16.51,B,1000
09:37:07,16.5,S,5000
09:37:07,16.51,B,500
09:37:08,16.51,B,2000
09:37:08,16.51,B,10000
09:37:08,16.51,B,1700
09:37:08,16.51,B,30100
09:37:08,16.51,B,1000
09:37:08,16.51,B,2000
09:37:08,16.51,B,1000
09:37:08,16.51,B,22900
09:37:08,16.51,B,12100
09:37:08,16.51,B,800
09:37:08,16.51,B,4000
09:37:08,16.51,B,500
09:37:08,16.51,B,1000
09:37:08,16.51,B,800
09:37:08,16.51,B,10000
09:37:08,16.51,B,5000
09:37:08,16.51,B,5000
09:37:08,16.51,B,5000
09:37:08,16.51,B,5000
09:37:08,16.51,B,800
09:37:08,16.51,B,100
09:37:09,16.51,B,200
09:37:10,16.51,B,3500
09:37:10,16.51,B,400
09:37:10,16.51,B,100
09:37:10,16.51,B,400
09:37:10,16.51,B,500
09:37:10,16.51,B,300
09:37:10,16.51,B,300
09:37:10,16.51,B,1600
09:37:10,16.51,B,3400
09:37:10,16.51,B,100
09:37:10,16.51,B,4200
09:37:10,16.51,B,300
09:37:10,16.51,B,100
09:37:10,16.51,B,500
09:37:10,16.51,B,300
09:37:10,16.51,B,1000
09:37:10,16.51,B,500
09:37:10,16.51,B,6400
09:37:10,16.51,B,1
09:37:10,16.51,B,2000
09:37:10,16.51,B,2199
09:37:11,16.51,B,2000
09:37:12,16.51,B,1
09:37:12,16.51,B,1600
09:37:12,16.51,B,1000
09:37:12,16.51,B,399
09:37:12,16.5,S,5000
09:37:13,16.51,B,201
09:37:13,16.51,B,99
09:37:13,16.51,B,2000
09:37:13,16.5,S,6698
09:37:13,16.5,S,600
09:37:13,16.5,S,902
09:37:13,16.51,B,500
09:37:13,16.51,B,500
09:37:13,16.51,B,2000
09:37:13,16.51,B,500
09:37:13,16.51,B,500
09:37:14,16.5,S,98
09:37:14,16.5,S,2802
09:37:14,16.5,S,698
09:37:14,16.5,S,800
09:37:14,16.5,S,100
09:37:14,16.5,S,3000
09:37:14,16.5,S,100
09:37:14,16.5,S,200
09:37:14,16.5,S,1000
09:37:14,16.5,S,500
09:37:14,16.5,S,1000
09:37:14,16.5,S,5000
09:37:14,16.5,S,1000
09:37:14,16.5,S,12802
09:37:14,16.51,B,5000
09:37:14,16.51,B,200
09:37:14,16.5,S,200
09:37:14,16.5,S,5400
09:37:15,16.51,B,1000
09:37:15,16.51,B,501
09:37:15,16.51,B,2000
09:37:15,16.51,B,1000
09:37:15,16.51,B,1000
09:37:15,16.51,B,5000
09:37:15,16.51,B,3000
09:37:15,16.51,B,100
09:37:15,16.51,B,4200
09:37:15,16.51,B,100
09:37:15,16.51,B,2100
09:37:15,16.51,B,1000
09:37:15,16.51,B,1000
09:37:15,16.51,B,1000
09:37:15,16.51,B,2900
09:37:15,16.51,B,500
09:37:15,16.51,B,10000
09:37:15,16.51,B,2000
09:37:15,16.51,B,100
09:37:15,16.51,B,500
09:37:15,16.51,B,500
09:37:15,16.52,B,52907
09:37:15,16.52,B,4200
09:37:15,16.52,B,11192
09:37:15,16.5,S,1300
09:37:15,16.52,B,1000
09:37:15,16.5,S,298
09:37:15,16.5,S,202
09:37:15,16.51,B,900
09:37:16,16.51,B,700
09:37:16,16.51,B,1000
09:37:16,16.51,B,300
09:37:16,16.52,B,7808
09:37:16,16.52,B,1000
09:37:16,16.52,B,1000
09:37:16,16.52,B,5100
09:37:16,16.52,B,500
09:37:16,16.52,B,1000
09:37:16,16.52,B,1600
09:37:16,16.52,B,1200
09:37:16,16.52,B,500
09:37:16,16.52,B,3300
09:37:16,16.52,B,2692
09:37:16,16.52,B,2000
09:37:16,16.52,B,200
09:37:16,16.52,B,108
09:37:16,16.52,B,2000
09:37:16,16.52,B,1600
09:37:16,16.52,B,2400
09:37:16,16.52,B,2000
09:37:16,16.52,B,1892
09:37:16,16.51,B,500
09:37:16,16.52,B,8000
09:37:16,16.52,B,700
09:37:17,16.51,B,200
09:37:17,16.51,B,4800
09:37:17,16.51,S,45200
09:37:17,16.51,S,300
09:37:17,16.5,S,298
09:37:17,16.5,S,500
09:37:17,16.5,S,2000
09:37:17,16.5,S,1000
09:37:17,16.5,S,1000
09:37:17,16.5,S,4500
09:37:17,16.5,S,2500
09:37:17,16.5,S,3000
09:37:17,16.5,S,100
09:37:17,16.5,S,500
09:37:17,16.5,S,1000
09:37:17,16.5,S,400
09:37:17,16.5,S,1000
09:37:17,16.5,S,1000
09:37:17,16.5,S,1000
09:37:17,16.5,S,1100
09:37:17,16.5,S,1400
09:37:17,16.5,S,500
09:37:17,16.5,S,100
09:37:17,16.5,S,100
09:37:17,16.5,S,1000
09:37:17,16.5,S,100
09:37:17,16.5,S,74500
09:37:17,16.5,S,500
09:37:17,16.5,S,2000
09:37:17,16.5,S,1000
09:37:17,16.5,S,300
09:37:17,16.5,S,500
09:37:17,16.5,S,2000
09:37:17,16.5,S,1200
09:37:17,16.5,S,600
09:37:17,16.5,S,500
09:37:17,16.5,S,1300
09:37:17,16.5,S,100
09:37:17,16.5,S,2000
09:37:17,16.5,S,500
09:37:17,16.5,S,3702
09:37:18,16.51,B,100
09:37:18,16.51,B,600
09:37:18,16.51,B,1000
09:37:18,16.51,B,100
09:37:19,16.51,B,2100
09:37:19,16.51,B,700
09:37:19,16.5,S,6298
09:37:19,16.5,S,700
09:37:19,16.5,S,1000
09:37:19,16.5,S,600
09:37:19,16.5,S,500
09:37:19,16.5,S,400
09:37:19,16.5,S,600
09:37:19,16.5,S,200
09:37:19,16.5,S,1000
09:37:19,16.5,S,10000
09:37:19,16.5,S,2800
09:37:19,16.5,S,100
09:37:19,16.5,S,500
09:37:19,16.5,S,800
09:37:19,16.5,S,10000
09:37:19,16.5,S,500
09:37:19,16.5,S,1000
09:37:19,16.5,S,200
09:37:19,16.5,S,1000
09:37:19,16.5,S,1000
09:37:19,16.5,S,2000
09:37:19,16.5,S,600
09:37:19,16.5,S,500
09:37:19,16.5,S,500
09:37:19,16.5,S,1200
09:37:19,16.5,S,800
09:37:19,16.5,S,400
09:37:19,16.5,S,2000
09:37:19,16.5,S,12200
09:37:19,16.5,S,1000
09:37:19,16.5,S,500
09:37:19,16.5,S,1000
09:37:19,16.5,S,500
09:37:19,16.5,S,500
09:37:19,16.5,S,1000
09:37:19,16.5,S,100
09:37:19,16.5,S,1500
09:37:19,16.5,S,5000
09:37:19,16.5,S,5000
09:37:19,16.5,S,5000
09:37:19,16.5,S,1000
09:37:19,16.5,S,1000
09:37:19,16.5,S,2000
09:37:19,16.5,S,300
09:37:19,16.5,S,1000
09:37:19,16.5,S,10600
09:37:19,16.5,S,500
09:37:19,16.5,S,900
09:37:19,16.5,S,1000
09:37:19,16.5,S,1202
09:37:19,16.51,B,600
09:37:20,16.51,B,1700
09:37:20,16.51,B,200
09:37:20,16.5,S,400
09:37:20,16.5,S,1198
09:37:20,16.5,S,1000
09:37:20,16.5,S,600
09:37:20,16.5,S,1000
09:37:20,16.5,S,500
09:37:20,16.5,S,500
09:37:20,16.5,B,500
09:37:20,16.5,B,14702
09:37:20,16.51,B,4298
09:37:20,16.51,B,1000
09:37:21,16.51,B,500
09:37:21,16.51,B,4002
09:37:21,16.51,B,500
09:37:21,16.51,B,6000
09:37:21,16.51,B,1500
09:37:21,16.51,B,2000
09:37:21,16.51,B,500
09:37:21,16.51,B,200
09:37:21,16.51,B,400
09:37:21,16.51,B,998
09:37:21,16.51,B,22602
09:37:21,16.51,B,10600
09:37:21,16.51,B,400
09:37:21,16.51,B,1000
09:37:21,16.51,B,1000
09:37:21,16.52,B,24398
09:37:21,16.51,B,1600
09:37:22,16.51,B,400
09:37:22,16.51,S,500
09:37:22,16.51,S,100
09:37:22,16.51,B,100
09:37:22,16.51,B,400
09:37:23,16.51,B,100
09:37:23,16.51,B,500
09:37:23,16.51,B,400
09:37:23,16.51,B,600
09:37:23,16.51,B,500
09:37:23,16.51,B,100
09:37:24,16.51,B,500
09:37:24,16.5,S,200
09:37:24,16.5,S,200
09:37:24,16.5,S,400
09:37:24,16.51,B,900
09:37:24,16.51,B,7600
09:37:24,16.51,B,1500
09:37:24,16.5,S,600
09:37:24,16.5,S,1000
09:37:24,16.5,S,1000
09:37:24,16.5,S,400
09:37:25,16.51,B,500
09:37:25,16.51,B,500
09:37:26,16.5,S,600
09:37:26,16.5,S,200
09:37:26,16.5,S,200
09:37:26,16.5,S,600
09:37:26,16.51,B,500
09:37:26,16.51,B,500
09:37:26,16.51,B,200
09:37:26,16.5,S,500
09:37:26,16.5,S,15000
09:37:26,16.5,S,4200
09:37:26,16.51,B,2000
09:37:26,16.5,S,2500
09:37:27,16.51,B,200
09:37:27,16.5,S,600
09:37:27,16.5,S,30000
09:37:27,16.51,B,100
09:37:27,16.51,B,2000
09:37:27,16.5,S,10000
09:37:27,16.51,B,43000
09:37:27,16.5,S,2000
09:37:28,16.51,B,900
09:37:28,16.5,S,5000
09:37:28,16.5,S,800
09:37:28,16.51,B,1000
09:37:28,16.51,B,500
09:37:28,16.5,S,2000
09:37:29,16.51,B,3000
09:37:29,16.51,B,10000
09:37:29,16.5,S,10000
09:37:29,16.5,S,1200
09:37:30,16.51,B,900
09:37:30,16.5,S,5000
09:37:30,16.51,B,7000
09:37:30,16.51,B,5400
09:37:30,16.51,B,100
09:37:30,16.51,B,10000
09:37:30,16.5,S,3000
09:37:30,16.5,S,5000
09:37:30,16.5,S,2600
09:37:30,16.5,S,2400
09:37:30,16.5,S,5000
09:37:30,16.5,S,5000
09:37:30,16.5,S,1600
09:37:30,16.5,S,1000
09:37:30,16.5,B,2400
09:37:30,16.5,B,50000
09:37:30,16.51,B,110400
09:37:30,16.5,B,5000
09:37:30,16.51,B,40800
09:37:30,16.51,B,10000
09:37:30,16.51,B,200
09:37:30,16.51,B,20000
09:37:30,16.51,B,5000
09:37:30,16.51,B,2300
09:37:30,16.51,B,200
09:37:30,16.51,B,2000
09:37:30,16.51,B,2500
09:37:30,16.51,B,1000
09:37:30,16.51,B,500
09:37:30,16.51,B,2000
09:37:30,16.51,B,21400
09:37:31,16.5,B,1000
09:37:31,16.5,B,2000
09:37:31,16.5,B,1000
09:37:32,16.5,B,700
09:37:32,16.5,B,800
09:37:33,16.5,B,500
09:37:33,16.5,B,3000
09:37:33,16.5,B,2000
09:37:33,16.5,B,2900
09:37:33,16.5,B,15600
09:37:33,16.51,B,1000
09:37:33,16.5,S,800
09:37:34,16.5,S,15000
09:37:34,16.51,B,500
09:37:34,16.5,S,3500
09:37:34,16.5,S,300
09:37:34,16.5,S,3800
09:37:34,16.5,S,500
09:37:34,16.49,S,100
09:37:35,16.5,B,300
09:37:35,16.5,B,500
09:37:35,16.5,B,1200
09:37:35,16.5,B,5300
09:37:35,16.5,B,1000
09:37:35,16.5,B,1000
09:37:35,16.5,B,3500
09:37:35,16.51,B,77100
09:37:35,16.51,B,500
09:37:35,16.51,B,1000
09:37:35,16.51,B,10000
09:37:35,16.51,B,700
09:37:35,16.51,B,1000
09:37:35,16.51,B,1000
09:37:35,16.51,B,1000
09:37:35,16.51,B,1000
09:37:35,16.51,B,12000
09:37:35,16.51,B,1000
09:37:35,16.51,B,1300
09:37:35,16.51,B,1500
09:37:35,16.51,B,5000
09:37:35,16.51,B,20000
09:37:35,16.51,B,1000
09:37:35,16.51,B,650
09:37:35,16.51,B,1000
09:37:35,16.51,B,1000
09:37:35,16.51,B,200
09:37:35,16.51,B,500
09:37:35,16.51,B,900
09:37:35,16.51,B,1000
09:37:35,16.51,B,300
09:37:35,16.51,B,10000
09:37:35,16.51,B,1000
09:37:35,16.51,B,1000
09:37:35,16.51,B,3000
09:37:35,16.51,B,300
09:37:35,16.51,B,5000
09:37:35,16.51,B,500
09:37:35,16.51,B,200
09:37:35,16.51,B,600
09:37:35,16.51,B,3300
09:37:35,16.51,B,7000
09:37:35,16.51,B,500
09:37:35,16.51,B,2000
09:37:35,16.52,B,114850
09:37:35,16.5,S,3400
09:37:36,16.5,B,5000
09:37:37,16.5,B,1000
09:37:37,16.5,B,200
09:37:37,16.49,S,200
09:37:37,16.49,S,200
09:37:37,16.49,S,400
09:37:37,16.49,S,500
09:37:37,16.49,S,100
09:37:37,16.49,S,100
09:37:37,16.49,S,1500
09:37:38,16.5,B,1200
09:37:38,16.5,B,1500
09:37:38,16.5,B,2000
09:37:38,16.5,B,800
09:37:39,16.5,B,1000
09:37:39,16.5,B,400
09:37:39,16.5,B,500
09:37:39,16.5,B,100
09:37:40,16.5,B,500
09:37:40,16.5,B,200
09:37:40,16.49,S,1500
09:37:40,16.5,B,200
09:37:41,16.5,B,1100
09:37:41,16.49,S,100
09:37:41,16.49,S,4000
09:37:41,16.49,S,1000
09:37:41,16.49,S,400
09:37:41,16.49,S,600
09:37:41,16.49,S,200
09:37:41,16.49,S,500
09:37:41,16.49,S,1000
09:37:41,16.49,S,300
09:37:41,16.49,S,500
09:37:41,16.49,S,1100
09:37:42,16.5,B,900
09:37:42,16.5,B,400
09:37:42,16.49,S,2900
09:37:42,16.49,S,500
09:37:42,16.49,S,400
09:37:42,16.49,S,2000
09:37:42,16.49,S,4000
09:37:42,16.49,S,2000
09:37:42,16.49,S,400
09:37:42,16.49,S,1000
09:37:42,16.49,S,2000
09:37:42,16.49,S,1000
09:37:42,16.49,S,1000
09:37:42,16.49,S,500
09:37:42,16.49,S,100
09:37:42,16.49,S,10000
09:37:42,16.49,S,1300
09:37:42,16.49,S,4700
09:37:42,16.49,S,200
09:37:42,16.49,S,300
09:37:42,16.49,S,500
09:37:42,16.49,S,200
09:37:42,16.5,B,500
09:37:44,16.49,S,300
09:37:44,16.49,S,100
09:37:44,16.5,B,10000
09:37:44,16.49,S,300
09:37:44,16.5,B,500
09:37:44,16.5,B,1700
09:37:44,16.5,B,1500
09:37:45,16.5,B,1000
09:37:45,16.5,B,10000
09:37:45,16.5,B,300
09:37:45,16.5,B,700
09:37:45,16.5,B,100
09:37:46,16.49,S,3000
09:37:46,16.49,S,2000
09:37:46,16.5,B,1000
09:37:46,16.5,B,1000
09:37:46,16.5,B,300
09:37:46,16.5,B,700
09:37:47,16.5,B,5000
09:37:48,16.5,B,500
09:37:48,16.49,S,1500
09:37:48,16.5,B,100
09:37:48,16.49,S,200
09:37:48,16.5,B,300
09:37:48,16.5,B,200
09:37:49,16.49,S,200
09:37:50,16.5,B,3000
09:37:50,16.49,S,2700
09:37:50,16.49,S,200
09:37:50,16.49,S,1000
09:37:50,16.49,S,600
09:37:50,16.49,S,200
09:37:50,16.49,S,3000
09:37:50,16.49,S,100
09:37:50,16.49,S,1000
09:37:50,16.49,S,600
09:37:50,16.49,S,100
09:37:50,16.49,S,500
09:37:51,16.5,B,100
09:37:51,16.49,S,1000
09:37:51,16.5,B,600
09:37:51,16.49,S,4300
09:37:51,16.49,S,700
09:37:51,16.5,B,200
09:37:52,16.5,B,600
09:37:52,16.5,B,200
09:37:52,16.5,B,2000
09:37:52,16.5,B,500
09:37:53,16.5,B,1000
09:37:53,16.5,B,13000
09:37:53,16.49,S,1300
09:37:53,16.49,S,1000
09:37:53,16.49,S,400
09:37:53,16.49,S,100
09:37:53,16.49,S,100
09:37:53,16.5,B,200
09:37:53,16.49,S,500
09:37:53,16.49,S,800
09:37:53,16.49,S,200
09:37:53,16.49,S,600
09:37:53,16.49,S,7900
09:37:53,16.5,B,2500
09:37:53,16.5,B,3300
09:37:53,16.5,B,1000
09:37:53,16.5,B,2600
09:37:53,16.5,B,500
09:37:53,16.5,B,1000
09:37:53,16.5,B,500
09:37:53,16.5,B,5000
09:37:53,16.5,B,100000
09:37:53,16.5,B,133600
09:37:53,16.5,B,1000
09:37:53,16.5,B,1000
09:37:53,16.5,B,1100
09:37:53,16.5,B,200
09:37:53,16.49,S,1000
09:37:53,16.49,S,1000
09:37:54,16.5,B,300
09:37:54,16.5,B,3300
09:37:54,16.5,B,1000
09:37:54,16.5,B,2000
09:37:54,16.5,B,100
09:37:54,16.5,B,5000
09:37:54,16.5,B,1000
09:37:54,16.5,B,2300
09:37:54,16.5,B,1000
09:37:54,16.5,B,500
09:37:55,16.49,S,100
09:37:55,16.5,B,1000
09:37:55,16.49,S,2000
09:37:55,16.5,B,5200
09:37:55,16.5,B,500
09:37:55,16.5,B,700
09:37:55,16.5,B,500
09:37:55,16.5,B,1100
09:37:55,16.5,B,1200
09:37:55,16.5,B,600
09:37:55,16.5,B,2000
09:37:55,16.5,B,3300
09:37:55,16.5,B,300
09:37:55,16.5,B,100
09:37:55,16.5,B,1700
09:37:55,16.5,B,2000
09:37:55,16.5,B,2000
09:37:55,16.5,B,5000
09:37:55,16.5,B,1700
09:37:55,16.5,B,50000
09:37:55,16.5,B,2000
09:37:55,16.5,B,500
09:37:55,16.5,B,500
09:37:55,16.5,B,600
09:37:55,16.5,B,2000
09:37:55,16.5,B,10100
09:37:55,16.49,S,2000
09:37:55,16.5,B,300
09:37:55,16.5,B,2000
09:37:56,16.49,S,1000
09:37:56,16.49,S,200
09:37:56,16.49,S,1000
09:37:56,16.5,B,300
09:37:56,16.49,S,10000
09:37:57,16.49,S,1000
09:37:57,16.5,B,5000
09:37:57,16.49,S,10000
09:37:57,16.49,S,600
09:37:57,16.5,B,100
09:37:57,16.49,S,500
09:37:57,16.49,S,100
09:37:58,16.49,S,6500
09:37:58,16.5,B,600
09:37:59,16.49,S,1500
09:37:59,16.5,B,200
09:37:59,16.49,S,1000
09:37:59,16.49,S,1700
09:37:59,16.49,S,900
09:37:59,16.49,S,1000
09:37:59,16.49,S,400
09:37:59,16.49,S,1000
09:37:59,16.49,S,100
09:37:59,16.49,S,800
09:38:00,16.49,B,500
09:38:01,16.49,B,600
09:38:01,16.48,S,200
09:38:01,16.49,B,3000
09:38:02,16.49,B,700
09:38:02,16.49,B,500
09:38:02,16.49,B,1000
09:38:02,16.49,B,200
09:38:02,16.49,B,6600
09:38:03,16.49,B,500
09:38:03,16.49,B,100
09:38:03,16.49,B,2100
09:38:03,16.49,B,300
09:38:03,16.49,B,3800
09:38:03,16.49,B,3800
09:38:03,16.49,B,500
09:38:04,16.48,S,300
09:38:04,16.48,S,100
09:38:04,16.48,S,200
09:38:04,16.49,B,100
09:38:04,16.49,B,1000
09:38:05,16.49,B,600
09:38:05,16.49,B,300
09:38:06,16.49,B,3700
09:38:06,16.49,B,300
09:38:07,16.49,B,100
09:38:08,16.49,B,100
09:38:08,16.49,B,200
09:38:09,16.49,B,300
09:38:10,16.48,S,1300
09:38:10,16.49,B,1000
09:38:11,16.49,B,1000
09:38:11,16.49,B,300
09:38:11,16.49,B,100
09:38:11,16.49,B,2400
09:38:11,16.49,B,2600
09:38:12,16.49,B,300
09:38:12,16.48,S,2400
09:38:12,16.49,B,400
09:38:12,16.49,B,700
09:38:12,16.49,B,1000
09:38:12,16.49,B,1000
09:38:12,16.49,B,500
09:38:12,16.49,B,2000
09:38:12,16.49,B,900
09:38:12,16.49,B,5000
09:38:12,16.49,B,2000
09:38:12,16.49,B,3000
09:38:12,16.49,B,1000
09:38:12,16.49,B,5000
09:38:12,16.49,B,100
09:38:12,16.49,B,200
09:38:12,16.49,B,3300
09:38:12,16.49,B,500
09:38:12,16.49,B,23400
09:38:13,16.48,S,1000
09:38:13,16.48,S,300
09:38:13,16.49,B,1700
09:38:14,16.49,B,8000
09:38:14,16.49,B,5000
09:38:15,16.49,B,35300
09:38:15,16.49,B,300
09:38:15,16.49,B,3300
09:38:15,16.49,B,100000
09:38:15,16.49,B,10000
09:38:15,16.49,B,1600
09:38:15,16.49,B,1000
09:38:15,16.49,B,500
09:38:15,16.49,B,2000
09:38:15,16.49,B,200
09:38:15,16.49,B,3300
09:38:15,16.49,B,200
09:38:15,16.49,B,5000
09:38:15,16.49,B,3400
09:38:15,16.49,B,300
09:38:15,16.49,B,400
09:38:15,16.49,B,200
09:38:15,16.49,B,5000
09:38:15,16.49,B,3200
09:38:15,16.49,B,200
09:38:15,16.49,B,1000
09:38:16,16.49,B,600
09:38:16,16.49,B,1400
09:38:16,16.49,B,500
09:38:16,16.49,B,200
09:38:16,16.49,B,200
09:38:16,16.49,B,300
09:38:17,16.49,B,1200
09:38:17,16.49,B,300
09:38:17,16.48,S,500
09:38:17,16.48,S,2000
09:38:17,16.49,B,900
09:38:17,16.49,B,900
09:38:17,16.49,B,200
09:38:17,16.49,B,900
09:38:17,16.49,B,100
09:38:18,16.48,S,2300
09:38:18,16.48,S,100
09:38:18,16.48,S,2400
09:38:18,16.48,S,200
09:38:18,16.48,S,100
09:38:18,16.48,S,3700
09:38:19,16.49,B,300
09:38:19,16.49,B,10000
09:38:19,16.48,S,300
09:38:19,16.48,S,2000
09:38:19,16.48,S,500
09:38:19,16.48,S,2200
09:38:19,16.48,S,5500
09:38:20,16.48,S,300
09:38:20,16.48,S,800
09:38:20,16.48,S,300
09:38:20,16.48,S,300
09:38:20,16.48,S,1000
09:38:20,16.48,S,800
09:38:20,16.48,S,200
09:38:20,16.48,S,500
09:38:20,16.48,S,3000
09:38:20,16.48,S,100
09:38:20,16.48,S,7400
09:38:20,16.48,S,1000
09:38:20,16.48,S,500
09:38:20,16.48,S,9500
09:38:20,16.49,B,1900
09:38:20,16.49,B,1100
09:38:20,16.48,S,300
09:38:21,16.48,S,1600
09:38:21,16.48,S,100
09:38:21,16.48,S,1300
09:38:21,16.48,S,2000
09:38:22,16.49,B,2900
09:38:22,16.49,B,400
09:38:22,16.49,B,500
09:38:22,16.49,B,400
09:38:22,16.49,B,2000
09:38:22,16.49,B,5500
09:38:22,16.49,B,200
09:38:22,16.49,B,1500
09:38:22,16.49,B,10000
09:38:22,16.49,B,1000
09:38:22,16.49,B,500
09:38:22,16.49,B,500
09:38:22,16.49,B,4600
09:38:22,16.48,S,2600
09:38:24,16.49,B,5000
09:38:24,16.49,B,1000
09:38:24,16.48,S,800
09:38:25,16.49,B,9100
09:38:25,16.49,B,900
09:38:25,16.49,B,500
09:38:25,16.48,S,900
09:38:25,16.49,B,500
09:38:25,16.49,B,1000
09:38:26,16.49,B,2100
09:38:26,16.49,B,1400
09:38:26,16.49,B,2000
09:38:26,16.49,B,3000
09:38:26,16.49,B,1500
09:38:26,16.48,S,5500
09:38:26,16.48,S,500
09:38:26,16.49,B,500
09:38:26,16.49,B,1000
09:38:26,16.49,B,1000
09:38:26,16.49,B,100
09:38:26,16.49,B,9900
09:38:26,16.48,S,1000
09:38:26,16.49,B,100
09:38:26,16.49,B,5000
09:38:26,16.49,B,5500
09:38:26,16.49,B,200
09:38:26,16.5,B,1000
09:38:27,16.49,S,100
09:38:27,16.49,S,100
09:38:27,16.49,S,2000
09:38:28,16.49,S,200
09:38:28,16.5,B,14500
09:38:28,16.5,B,7900
09:38:28,16.5,B,3300
09:38:28,16.5,B,8000
09:38:28,16.5,B,2800
09:38:28,16.5,B,5000
09:38:28,16.5,B,300
09:38:28,16.5,B,2700
09:38:28,16.5,B,1000
09:38:28,16.5,B,10000
09:38:28,16.5,B,12000
09:38:28,16.5,B,1400
09:38:28,16.5,B,700
09:38:28,16.5,B,1000
09:38:28,16.5,B,5000
09:38:28,16.5,B,7000
09:38:28,16.5,B,3000
09:38:28,16.5,B,10000
09:38:28,16.5,B,500
09:38:28,16.5,B,200
09:38:28,16.5,B,100
09:38:28,16.5,B,100
09:38:28,16.5,B,400
09:38:28,16.5,B,4700
09:38:28,16.5,B,10000
09:38:28,16.5,B,1000
09:38:28,16.5,B,400
09:38:28,16.5,B,1500
09:38:28,16.49,S,500
09:38:28,16.5,B,6000
09:38:28,16.5,B,100
09:38:28,16.5,B,300
09:38:28,16.5,B,1700
09:38:28,16.5,B,300
09:38:28,16.5,B,1000
09:38:28,16.5,B,1000
09:38:28,16.5,B,1800
09:38:28,16.49,S,1000
09:38:29,16.49,S,10000
09:38:29,16.5,B,2000
09:38:29,16.5,B,1000
09:38:29,16.49,S,20000
09:38:30,16.5,B,15200
09:38:30,16.5,B,200
09:38:30,16.5,B,200
09:38:30,16.5,B,200
09:38:30,16.5,B,4700
09:38:30,16.5,B,4800
09:38:30,16.49,S,100
09:38:30,16.49,S,5000
09:38:30,16.49,S,400
09:38:31,16.49,S,8000
09:38:31,16.5,B,200
09:38:31,16.5,B,1000
09:38:31,16.5,B,500
09:38:31,16.5,B,1000
09:38:31,16.5,B,100
09:38:31,16.5,B,10000
09:38:31,16.5,B,10700
09:38:31,16.5,B,1000
09:38:31,16.5,B,300
09:38:31,16.5,B,1200
09:38:32,16.5,B,2100
09:38:32,16.49,S,1400
09:38:32,16.49,S,3000
09:38:33,16.49,S,8900
09:38:33,16.49,S,10000
09:38:33,16.5,B,2000
09:38:34,16.49,S,3000
09:38:34,16.49,S,15500
09:38:34,16.49,S,400
09:38:34,16.49,S,1800
09:38:34,16.49,S,2300
09:38:34,16.49,S,10000
09:38:34,16.49,S,200
09:38:34,16.49,S,600
09:38:34,16.49,S,1000
09:38:34,16.5,B,19200
09:38:34,16.49,S,1000
09:38:35,16.5,B,33500
09:38:35,16.5,B,5000
09:38:35,16.5,B,500
09:38:35,16.5,B,1000
09:38:35,16.5,B,3200
09:38:35,16.5,B,400
09:38:35,16.5,B,900
09:38:35,16.5,B,1300
09:38:35,16.5,B,100
09:38:35,16.5,B,500
09:38:35,16.5,B,500
09:38:35,16.5,B,1000
09:38:35,16.5,B,800
09:38:35,16.5,B,10000
09:38:35,16.5,B,1000
09:38:35,16.5,B,300
09:38:35,16.5,B,800
09:38:35,16.5,B,10000
09:38:35,16.5,B,3200
09:38:35,16.5,B,5000
09:38:35,16.5,B,188600
09:38:35,16.49,S,800
09:38:35,16.49,S,100
09:38:35,16.49,S,800
09:38:36,16.49,S,200
09:38:36,16.49,S,2000
09:38:36,16.49,S,400
09:38:36,16.49,S,3700
09:38:36,16.49,S,3700
09:38:36,16.49,S,3700
09:38:36,16.49,S,1700
09:38:36,16.49,S,600
09:38:36,16.49,S,1000
09:38:36,16.49,S,100
09:38:36,16.49,S,100
09:38:36,16.49,S,200
09:38:36,16.49,S,3700
09:38:36,16.49,S,3700
09:38:36,16.5,B,600
09:38:36,16.49,S,2400
09:38:36,16.49,S,2500
09:38:36,16.49,S,100
09:38:37,16.49,S,500
09:38:37,16.49,S,300
09:38:37,16.48,S,200
09:38:37,16.48,S,300
09:38:37,16.5,B,10800
09:38:37,16.5,B,200
09:38:37,16.5,S,200
09:38:38,16.5,S,5000
09:38:38,16.5,S,1400
09:38:38,16.5,S,10000
09:38:40,16.5,S,500
09:38:40,16.5,S,1200
09:38:40,16.5,S,5000
09:38:41,16.5,S,100
09:38:41,16.5,S,500
09:38:41,16.5,S,2000
09:38:41,16.5,S,5500
09:38:41,16.5,S,3000
09:38:42,16.51,B,1000
09:38:42,16.51,B,200
09:38:42,16.5,S,1000
09:38:42,16.51,B,2300
09:38:42,16.51,B,1000
09:38:42,16.51,B,800
09:38:42,16.51,B,300
09:38:42,16.51,B,1400
09:38:43,16.5,S,1400
09:38:43,16.5,S,500
09:38:44,16.5,S,1300
09:38:45,16.51,B,600
09:38:45,16.51,B,300
09:38:45,16.51,B,1100
09:38:45,16.5,S,800
09:38:45,16.51,B,5200
09:38:45,16.51,B,1000
09:38:45,16.51,B,4600
09:38:45,16.51,B,1000
09:38:45,16.51,B,2000
09:38:45,16.51,B,2000
09:38:45,16.51,B,1000
09:38:45,16.51,B,200
09:38:45,16.51,B,2100
09:38:45,16.51,B,2000
09:38:45,16.51,B,200
09:38:45,16.51,B,500
09:38:45,16.51,B,1000
09:38:45,16.51,B,1000
09:38:45,16.51,B,500
09:38:45,16.51,B,2300
09:38:45,16.51,B,2000
09:38:45,16.51,B,2000
09:38:45,16.51,B,1000
09:38:45,16.51,B,400
09:38:45,16.51,B,1000
09:38:45,16.51,B,300
09:38:45,16.51,B,9500
09:38:45,16.5,S,1100
09:38:45,16.5,S,1000
09:38:45,16.51,B,6400
09:38:46,16.5,S,1000
09:38:46,16.5,S,500
09:38:46,16.5,S,500
09:38:46,16.51,B,1000
09:38:47,16.5,S,300
09:38:48,16.5,S,1000
09:38:49,16.5,S,1400
09:38:49,16.5,S,800
09:38:49,16.5,S,2500
09:38:49,16.5,S,10000
09:38:49,16.5,S,100
09:38:49,16.5,S,500
09:38:49,16.5,S,2000
09:38:50,16.51,B,3100
09:38:50,16.51,B,1000
09:38:50,16.51,B,1700
09:38:50,16.5,S,5000
09:38:50,16.51,B,3300
09:38:50,16.51,B,5000
09:38:50,16.51,S,10000
09:38:51,16.51,S,500
09:38:51,16.51,S,1000
09:38:52,16.51,S,200
09:38:52,16.52,B,2000
09:38:52,16.52,B,3000
09:38:52,16.52,B,300
09:38:52,16.52,B,12000
09:38:52,16.52,B,1900
09:38:52,16.51,S,500
09:38:52,16.51,S,300
09:38:53,16.51,S,300
09:38:53,16.52,B,100
